2820 4822
571 326 743 390 ..47-

179 495 221 560 In
243 493 356 560 eodem
378 495 548 560 enuntiato
570 494 753 561 Patricium
774 493 916 561 Wolfius
938 500 1026 561 roote
1047 494 1224 565 offendisse

94 590 205 649 censet
231 582 266 645 in
288 580 406 663 copula
430 587 503 659 „ut“
529 580 572 646 ad
599 580 787 666 fingendam
817 579 988 665 periodum
1018 581 1224 682 negligenter

95 668 248 733 subiecta.
300 666 436 732 Scilicet
468 667 591 732 nullius
623 668 658 731 in
692 666 855 734 fulcienda
887 687 947 732 sua
979 676 1142 733 sententio
1172 689 1224 734 vir

95 753 210 818 doctus
231 753 357 835 spernit
378 752 548 828 auxilium,
572 753 629 818 sed
650 774 900 835 quaecunquea
923 753 1002 818 viris
1021 751 1124 819 doctis
1145 774 1223 819 oon·

94 848 146 903 tra
167 840 348 903 orationem
363 838 491 920 prolata
512 848 591 902 sunt
612 838 681 902 fere
694 839 786 903 nullo
808 837 997 904 discrimine
1017 839 1135 922 arripit
1155 839 1223 905 loe·

95 936 157 1003 tus,
180 923 357 989 dummodo
385 933 463 1006 apta
491 925 557 989 sint
578 923 619 988 ad
642 945 714 988 eam
741 932 928 1007 suspectam
947 923 1157 989 reddendam.
1181 960 1222 973 -··

95 1010 224 1075 Iniuria
245 1020 355 1074 autem
379 1010 433 1076 hic
454 1009 547 1075 locus
569 1008 822 1092 reprehenditur
829 1033 838 1089 ;
861 1031 937 1075 nam
960 1010 988 1074 si
1013 1019 1099 1076 recte
1122 1010 1224 1076 verba

96 1096 331 1177 interpretatus
352 1095 427 1173 eris,
451 1117 516 1160 non
540 1096 660 1178 poteris
684 1117 748 1161 non
770 1094 956 1173 concedere,
988 1095 1222 1178 aptissimam,

95 1180 180 1264 quod
207 1192 361 1264 sequatur
383 1182 591 1245 enuntiatum
619 1182 719 1260 „siin
742 1182 897 1246 alterutro
922 1203 1036 1264 purum
1057 1180 1218 1265 prudens“

94 1267 152 1331 illa
184 1267 344 1350 particula
376 1271 452 1345 „ut“
486 1266 696 1332 subiunctum
727 1288 808 1332 csse.
860 1267 951 1333 Hace
984 1266 1064 1332 dicit
1095 1275 1221 1334 orator:

96 1350 209 1433 „Idem
235 1353 295 1417 tibi
316 1360 352 1416 et
373 1353 465 1418 nobis
494 1352 673 1417 timendum
696 1362 756 1431 est,
785 1351 872 1418 idem
894 1351 1077 1419 carendum
1100 1360 1159 1431 est,
1189 1362 1224 1420 et

94 1448 151 1502 tua
180 1439 287 1504 cautio
317 1460 391 1504 cum
421 1447 533 1504 nostra
562 1449 628 1502 tam
657 1447 728 1503 arto
757 1439 931 1504 coniuncta
959 1449 1018 1516 cst,
1052 1452 1088 1503 ut
1109 1438 1223 1505 malim

93 1524 193 1589 nimis
214 1523 359 1602 timidus,
382 1546 479 1606 quam
501 1545 617 1605 parum
640 1523 784 1606 prudens
808 1524 940 1589 rideri.“
989 1522 1064 1605 Qua
1085 1525 1120 1588 in
1147 1546 1222 1591 sen·

94 1610 206 1690 tentia,
237 1609 314 1692 quid
341 1609 488 1694 languidi
518 1610 646 1675 sitnon
670 1609 825 1693 intelligo.
870 1609 971 1676 Hunc
992 1611 1101 1676 locum
1123 1610 1222 1676 etiam

93 1694 180 1777 apud
197 1695 405 1761 Priscianum
427 1696 608 1778 reperimus
630 1696 687 1761 sed
705 1695 814 1779 paullo
832 1703 1004 1761 mutatum.
1039 1695 1101 1761 Ille
1123 1697 1222 1776 euim,

93 1780 148 1846 ubi
170 1779 209 1846 de
230 1802 308 1847 voce
327 1781 525 1861 „alterutro“
547 1782 625 1865 agit,
643 1779 705 1847 hoc
723 1781 910 1865 exemplum
932 1781 1029 1847 affert
1039 1781 1092 1847 his
1114 1782 1222 1849 verbis

94 1866 145 1952 (V.
173 1870 220 1945 12,
243 1872 297 1943 63)
323 1866 477 1950 „quodsi
506 1868 540 1931 in
563 1867 720 1933 alterutro
742 1867 942 1951 peccandum
965 1868 1016 1947 sit,
1046 1867 1156 1933 malim
1179 1868 1221 1934 ti·

93 1951 212 2031 midus,
241 1975 338 2035 quam
365 1974 480 2036 parum
506 1952 649 2035 prudens
672 1953 806 2019 videri.“
862 1955 1111 2038 Peropportune
1134 1974 1220 2020 sune

94 2038 220 2114 accidit,
243 2047 280 2103 ut
301 2039 381 2102 haec
403 2038 503 2104 verba
525 2047 561 2102 ut
578 2038 729 2104 Tulliana
752 2039 838 2122 apud
860 2040 949 2106 hune
970 2040 1222 2124 grammaticum

94 2132 306 2189 servarentur
334 2134 367 2188 et
395 2131 483 2189 recte
511 2125 545 2188 in
573 2131 842 2208 argumentorum
865 2146 1002 2191 numero
1024 2125 1220 2206 referuntur,

94 2210 211 2292 quibus
233 2209 468 2292 comprobetur,
497 2210 584 2274 hene
605 2210 787 2275 orationem
811 2209 976 2276 Ciceronis
999 2232 1080 2289 esse,
1109 2219 1220 2278 tumen

93 2317 132 2360 oa
149 2296 254 2378 magis
273 2296 403 2379 integre
420 2316 500 2372 esse,
524 2316 621 2379 quam
633 2295 781 2361 codicum
802 2297 1007 2380 scripturam,
1030 2296 1220 2383 negaverim

92 2382 193 2445 moris
214 2392 247 2446 et
273 2382 410 2446 rationis
432 2383 720 2465 grammaticorum
742 2403 878 2463 mernor,
909 2381 964 2466 qui
992 2382 1077 2466 quod
1099 2404 1220 2468 magua

10 2518 14 2527 .
92 2466 263 2532 volumina
285 2467 436 2532 evolvere
459 2467 633 2532 molestum
654 2476 735 2547 erat,
765 2468 843 2534 loois
871 2468 952 2552 ipsis
976 2490 1041 2535 non
1065 2469 1220 2553 inspectis

93 2551 332 2618 memoriosus
361 2554 473 2618 confisi
496 2554 596 2619 verba
623 2555 818 2637 scriptorum
841 2555 882 2619 ad
903 2554 954 2633 id,
984 2554 1070 2639 quod
1099 2562 1219 2622 trocta-

92 2636 174 2702 bant
195 2639 399 2715 vocabulum,
423 2636 653 2706 adscriberent.
686 2639 756 2705 Nec
778 2661 860 2721 opus
882 2650 932 2706 est
952 2640 1010 2705 illa
1028 2640 1217 2721 mutatione,

93 2745 237 2804 cumea,
268 2745 351 2808 quae
373 2725 498 2791 codices
526 2724 712 2808 praebeant,
741 2725 907 2808 aptissime
937 2724 1024 2792 diota
1054 2726 1128 2805 siut,
1158 2746 1218 2794 nee

93 2809 269 2892 quidquam
296 2809 453 2889 habeant,
504 2810 569 2876 uod
598 2809 790 2894 languidum
814 2808 921 2875 videri
950 2812 1064 2895 possit,
1094 2822 1150 2878 aut
1177 2809 1218 2878 ab

93 2894 257 2979 elegantia
279 2896 445 2962 Ciceronis
467 2834 649 2965 ainorreat.

179 2980 340 3046 Similiter
359 2981 569 3047 iudicandum
588 2992 639 3048 est
660 2981 700 3046 de
723 2981 832 3047 verbis
855 3003 915 3059 „an
934 3002 972 3045 ex
992 3003 1030 3047 co
1051 2985 1213 3062 numero“

93 3088 175 3149 quae
191 3074 223 3132 et
236 3069 309 3150 ipsa
325 3067 491 3133 Ciceronis
513 3089 579 3133 non
596 3067 820 3133 esseWolfius
839 3073 959 3133 censet.
993 3066 1069 3149 Qua
1081 3065 1217 3134 adnota-

93 3152 358 3218 tioneWeiskius
367 3152 525 3219 adductus
536 3174 606 3219 esse
617 3151 757 3234 videtur,
765 3160 803 3218 ut
813 3153 1001 3218 coniectura
1013 3152 1082 3219 looo
1093 3151 1217 3220 mederi

92 3246 273 3304 conaretur.
302 3237 404 3303 Iussit
422 3240 508 3303 enim
529 3260 589 3319 „ex
609 3259 722 3304 eorum
741 3243 894 3303 numero“
917 3238 1025 3306 scribi.
1054 3238 1216 3321 Ooneedo,

91 3322 185 3389 facile
203 3325 274 3390 fieri
291 3325 496 3406 potuissent
513 3324 574 3390 hoc
588 3346 712 3407 quoque
726 3324 796 3390 loco
809 3323 970 3404 librarius,
986 3345 1082 3408 quem
1101 3344 1216 3408 porum

92 3416 222 3474 cautum
235 3415 268 3474 et
279 3408 468 3494 diligentem
480 3411 702 3494 eognovimus,
716 3409 924 3493 posteriorem
938 3411 1138 3493 pronominis
1153 3408 1217 3510 epl-

90 3494 198 3560 labam
214 3495 387 3560 omitteret.
417 3496 532 3578 Neque
549 3503 658 3561 tamen
671 3503 729 3575 est,
748 3515 806 3561 eur
824 3495 884 3562 hoc
902 3503 1063 3579 putemus,
1082 3517 1156 3562 eum
1171 3494 1215 3576 rd,

91 3580 176 3663 quod
204 3581 239 3644 in
259 3581 352 3647 libris
373 3582 604 3664 manuscriptis
626 3581 762 3665 legatur,
786 3581 954 3648 Oioeronis
976 3583 1118 3648 maxime
1141 3603 1215 3666 pro·

90 3665 198 3748 prium
221 3687 300 3744 esse,
330 3666 419 3746 haec,
448 3688 530 3751 quae
552 3667 674 3733 subieci
696 3667 848 3750 exempla
869 3667 963 3734 nobis
985 3667 1213 3751 persuadeant.

92 3751 141 3817 Of.
165 3750 258 3817 Oret.
280 3773 310 3834 p.
334 3753 438 3819 Deiot.
462 3755 486 3836 ξ.
511 3756 560 3819 24.
608 3754 685 3833 „Ait
706 3754 815 3820 nescio
837 3774 933 3835 quem
955 3774 995 3818 ex
1019 3773 1056 3818 eo
1078 3771 1215 3821 numero

91 3858 224 3902 servum
252 3836 438 3904 indicatum.
483 3839 536 3904 De
558 3838 619 3923 leg.
643 3860 710 3923 agr.
734 3860 803 3922 cap.
832 3845 866 3901 14
889 3846 971 3904 extr.
998 3856 1056 3918 „ex
1086 3860 1124 3906 eo
1153 3861 1214 3905 nu·

91 3944 190 4001 mero,
214 3922 328 4005 qui-
356 3923 504 3989 consules
525 3924 688 3989 fuerunt.“
728 3923 818 3990 Orat.
840 3946 871 4009 p.
895 3923 1018 3990 Archia
1039 3927 1063 4074 ἶ
1089 3926 1126 3989 31
1153 3945 1214 4006 „ex

90 4029 128 4073 eo
149 4027 295 4159 mamere,
318 4009 374 4090 qui
401 4029 529 4093 semper
551 4008 638 4094 apud
660 4031 772 4076 omnes
800 4010 904 4077 sancti
933 4017 1011 4077 sunt
1063 4010 1141 4077 abiti
1164 4018 1214 4075 at·

92 4115 153 4176 que
197 4096 282 4161 ieli.“

177 4179 332 4245 (letarum
354 4183 514 4262 scripturo
541 4182 639 4261 „hoc“
659 4203 756 4265 quam
774 4182 899 4248 codices
918 4182 975 4262 (G,
995 4181 1036 4259 u)
1055 4183 1214 4266 praebent

91 4265 302 4348 praeferenda
323 4265 460 4333 videtur.
