2820 4822
547 332 716 395 ³51-

64 502 195 567 invitos
211 523 271 567 nos
292 503 389 586 cogit,
413 508 452 566 ut
473 502 576 568 verba
596 501 654 566 illa
674 501 787 566 omnia
808 513 846 566 eo
866 503 1058 578 referamus,
1081 521 1144 584 quo
1166 505 1199 565 et

64 587 129 653 loci
161 589 329 653 metenda
356 595 389 652 et
419 602 499 654 usus
531 587 699 654 Ciceronis
731 609 770 652 ea
802 586 918 653 referri
951 588 1050 653 iubet.
1084 621 1126 631 -
1156 585 1197 650 In

65 673 181 738 eadem
201 677 224 758 t.
241 675 294 738 vir
312 672 425 738 doetus
443 696 486 739 ex
506 690 567 739 sua
587 694 679 739 more
700 674 823 755 recepit
846 680 1077 751 „monumenta
1098 672 1199 736 innu-

63 765 188 839 mera“,
211 780 408 842 quamquam
429 758 555 826 codices
579 759 621 836 G,
643 759 683 835 lt,
706 761 753 824 M,
775 760 934 843 praebent
958 763 1198 836 „monumenta

63 852 243 924 munera“;
279 867 343 929 qua
374 845 513 911 lectione
547 844 701 910 restituta
736 866 804 909 non
832 846 899 910 iam
929 843 1065 911 offendit
1092 842 1198 908 adiec-

64 929 173 994 tivum
211 931 421 1008 „innumera“
454 930 581 996 tantillo
614 930 790 997 intervallo
827 939 902 1014 post
940 927 1197 995 innumerabiles

62 1016 218 1098 positum,
241 1015 498 1099 necquidquam
519 1017 593 1094 erit,
621 1017 656 1081 in
678 1037 741 1101 quo
763 1017 892 1082 minuta
914 1017 976 1082 viri
1006 1015 1091 1082 docti
1120 1014 1195 1081 sub-

63 1100 171 1166 tilitas
192 1102 330 1167 haerere
351 1103 462 1184 possit

152 1187 195 1250 In
216 1191 240 1271 ξ.
265 1191 307 1251 30
329 1209 378 1265 ea,
400 1208 481 1271 quae
503 1193 580 1270 apte
608 1198 890 1271 congruenterque
912 1187 1100 1253 dictasunt
1127 1187 1196 1251 sin·

61 1271 238 1357 gularique
261 1272 481 1339 concinnitate
502 1271 670 1338 excellunt
691 1272 875 1338 claudicare
897 1273 1040 1338 Wolfius
1063 1271 1141 1338 dicit
1163 1278 1196 1335 et

62 1359 236 1441 egregiam
265 1360 301 1423 in
330 1360 438 1425 verbis
466 1357 634 1425 variandis
662 1359 805 1440 copiam,
836 1380 900 1443 qua
928 1359 1025 1424 etiam
1055 1357 1129 1422 aliis
1158 1358 1195 1420 in

62 1443 268 1509 orationibus
302 1443 417 1510 Cicero
446 1445 557 1522 floret,
586 1443 721 1507 nimiam
756 1450 789 1509 et
822 1444 994 1510 molestam
1025 1447 1197 1525 nuncupat

61 1537 263 1607 moenem:
293 1527 519 1611 Reprehendit
540 1529 629 1594 enim
651 1528 838 1595 antitheton
860 1528 985 1595 duobus
1007 1527 1196 1595 nominibus

60 1614 233 1679 redditum
263 1615 426 1692 „consiliis
455 1620 490 1680 et
517 1613 653 1679 studiis“
679 1622 776 1697 atque
803 1615 904 1682 verba
928 1615 1137 1692 „voluntates
1162 1622 1196 1679 et

60 1699 204 1780 studia,
229 1701 431 1777 „sententiae
447 1708 481 1765 et
498 1699 653 1766 οοιιεὶΙὶαιι
673 1699 787 1765 eodem
806 1702 874 1766 fere
893 1721 992 1766 sensu
1010 1699 1195 1765 cumulatus

60 1807 137 1852 esse
159 1784 247 1851 dicit.
277 1787 403 1852 Locum
425 1784 647 1864 defenderem,
669 1787 733 1851 nisi
754 1785 943 1852 Tullianam
966 1785 1094 1852 dicendi
1116 1805 1193 1850 con·

60 1870 278 1937 suetudinem
301 1882 368 1936 tam
391 1878 504 1955 aperte
525 1891 604 1954 prae
627 1872 794 1953 ecferret,
817 1880 855 1937 ut
877 1872 957 1938 satis
980 1893 1038 1954 pro
1060 1893 1095 1938 se
1122 1871 1193 1954 ipse

58 1956 152 2041 loqui
176 1955 352 2021 videretur.

150 2042 192 2106 In
215 2044 238 2125 §.
264 2047 300 2105 31
327 2042 491 2108 Patricius
507 2041 634 2124 primus
651 2045 687 2106 in
705 2043 758 2108 his
781 2042 889 2110 verbis
906 2042 1052 2107 offendit
1085 2040 1196 2119 „Vicit

57 2129 97 2209 is‚‘
121 2128 181 2211 qui
214 2149 281 2192 non
313 2128 445 2192 fortuna
476 2128 698 2192 inflammaret
727 2128 838 2194 odium
861 2134 996 2207 suum“;
1027 2146 1104 2191 nam
1126 2148 1192 2192 non

55 2214 142 2281 satis
181 2222 258 2296 apte
299 2213 501 2289 „fortunam'⁴
541 2213 681 2278 bonitati
723 2216 843 2298 opponi
877 2220 997 2279 censet.
1077 2211 1190 2278 Unum
1295 2267 1298 2271 ,

57 2299 226 2365 Wolfium
257 2318 336 2362 suae
368 2298 550 2363 sententiae
578 2299 708 2364 invenit
736 2301 877 2378 socium,
908 2301 964 2383 qui
992 2320 1058 2364 non
1085 2298 1191 2364 solum

57 2386 132 2463 hoc,
163 2383 223 2449 sed
245 2385 345 2448 etiam
367 2382 410 2460 id,
440 2383 526 2466 quod
553 2386 702 2467 sequitur
734 2386 897 2464 „bonitate
925 2384 1031 2450 lenire
1059 2381 1190 2449 odium“

56 2467 277 2554 reprehendit
306 2475 339 2534 et
364 2466 542 2534 absurdum
570 2468 700 2536 iudicat.
763 2472 955 2538 Meminisse
991 2468 1105 2534 debuit
1141 2470 1193 2535 vir

58 2557 179 2623 doctus
201 2576 324 2633 eorum,
347 2575 429 2637 quae
451 2560 562 2619 orator
583 2557 607 2638 §.
630 2560 649 2618 9
673 2565 708 2620 et
729 2556 756 2638 ἓ.
792 2560 828 2619 12
852 2556 892 2621 de
923 2557 1078 2622 victoriae
1103 2555 1191 2621 inso-

57 2642 166 2708 lentia
194 2646 396 2723 exposuerat
454 2639 551 2720 Quod
579 2641 607 2704 si
634 2642 779 2720 facmset,
808 2663 867 2707 suo
897 2643 966 2708 loco
993 2641 1191 2707 vccabulum

59 2729 258 2807 „fortunae“
294 2746 365 2790 esse
397 2724 616 2789 intellexisset
649 2748 709 2791 nec
747 2728 894 2810 ineptam
931 2726 1020 2791 illam
1053 2726 1192 2793 Patrieii

56 2812 310 2880 adnotationem
349 2816 481 2876 secutus
521 2820 616 2876 esset.
678 2812 771 2879 Haec
812 2813 900 2878 enim
941 2811 1025 2877 dixit
1063 2820 1189 2878 orator:

59 2899 177 2981 „Vicit
200 2898 238 2975 is,
262 2894 316 2979 qui
338 2916 402 2959 non
421 2896 574 2962 victoriae
591 2897 722 2962 fortuna
740 2897 782 2961 ad
802 2896 988 2982 superbiam
1008 2899 1190 2978 efferretur,

55 2983 186 3051 autad
208 2981 410 3047 ferocitatem
434 2980 659 3062 adduceretur,
690 2982 747 3048 sed
778 2986 835 3068 qui
863 3006 922 3067 pro
951 3004 1012 3049 sua-
1038 3004 1190 3049 mansue-

54 3069 180 3136 tudine
209 3074 243 3130 et
269 3066 443 3132 clementia
472 3066 675 3133 iracundiam
709 3079 880 3135 coerceret.
932 3068 1191 3153 Elegantissima

54 3163 110 3222 est
132 3155 238 3238 igitur
261 3153 373 3230 ineis,
397 3172 480 3234 quae
501 3151 626 3219 codices
648 3154 839 3220 Ciceronem
862 3155 986 3221 dixisse
1015 3162 1189 3234 testantur,

53 3239 237 3306 sententia.
262 3274 302 3284 -

146 3323 239 3405 Quid
254 3327 364 3387 autem
372 3321 506 3388 absurdi
519 3323 563 3387 sit
575 3324 609 3388 in
617 3325 759 3389 formula
769 3325 933 3404 „bonitate
943 3325 1184 3392 lenireodium“

52 3433 127 3477 non
143 3411 250 3476 video.
282 3407 454 3486 „Bonitas“
480 3409 568 3471 enim
593 3419 643 3475 est
669 3411 861 3490 „clementia
883 3432 904 3475 a
926 3419 1045 3476 natura
1067 3412 1185 3478 insita“

53 3498 113 3575 (cf.
139 3517 170 3579 p.
196 3495 269 3577 Lig.
289 3495 312 3576 §.
337 3495 403 3574 38),
427 3513 490 3575 qua
511 3504 600 3558 recte
617 3497 689 3579 quis
708 3496 824 3562 ductus
847 3495 910 3560 dici
929 3503 1035 3580 potest
1057 3499 1124 3562 irae
1136 3498 1188 3563 vel

50 3582 122 3650 odii
147 3583 305 3661 impetum
329 3577 456 3642 mollire
478 3585 536 3642 ant
563 3579 646 3644 alias
672 3583 773 3646 animi
801 3582 927 3664 cupidit
956 3582 1187 3649 atescohibere.

144 3666 217 3729 Nec
246 3665 281 3726 in
311 3682 358 3739 eo,
392 3661 476 3744 quod
509 3664 718 3748 subsequitur
751 3667 922 3732 enuntiato
954 3667 1070 3732 Wolfii
1104 3669 1189 3734 ratio

49 3752 141 3819 mibi
165 3746 331 3830 probatur.
375 3747 459 3810 Nam
489 3767 685 3832 quamquam
718 3755 893 3817 confitetur
918 3774 1034 3818 verum
1065 3752 1188 3820 vidisse

47 3834 244 3906 Patricium
284 3837 317 3893 et
355 3832 536 3896 Gruterum
574 3840 754 3902 statuentes
791 3838 1066 3920 praepositionem
1108 3839 1184 3918 „ab“

48 3924 162 3988 altero
186 3916 258 3981 loco
287 3916 424 3997 positam
447 3916 619 3982 delendam
646 3941 726 4000 esse,
754 3930 865 3986 tamen
888 3923 1026 3989 Graevii
1056 3932 1185 3990 senten-

49 4010 138 4074 tiam
174 4008 305 4067 secutus
338 4000 424 4065 hanc
456 4004 649 4084 particulam
689 4006 805 4071 invitis¹
833 4007 998 4075 codicibus
1038 4011 1187 4075 omit-tere

48 4113 123 4159 non
147 4088 258 4165 audet,
281 4085 405 4150 scilicet
434 4095 472 4150 ut
498 4089 559 4153 hoc
588 4111 714 4173 qnoque
742 4091 812 4156 loco
840 4093 968 4170 habeat,
998 4095 1083 4177 quod
1113 4116 1186 4176 per·

47 4178 208 4258 stringat.
252 4170 393 4235 Dubitat
414 4172 512 4251 enim,
535 4195 615 4238 num
633 4177 790 4240 Latinum
813 4177 856 4241 sit
879 4176 993 4258 „arma
1015 4181 1055 4243 ab
1077 4179 1186 4262 aliquo

47 4262 206 4346 eripere“
229 4276 335 4341 neque
346 4255 520 4340 quidquam
536 4260 665 4343 probari
684 4268 778 4345 putat
799 4264 960 4347 exemplis¹
972 4266 1013 4328 ab
1032 4265 1185 4332 Ernestio

945 4364 980 4419 4·
