2820 4822
611 354 653 368 ..
675 320 780 384 ³2.-

135 490 236 558 toriae
254 494 454 575 temperare“
470 491 545 557 Liv.
566 494 616 571 33,
636 495 654 554 3
677 490 781 568 ,iraet
801 496 825 555 t.
858 490 950 556 (lurt.
971 494 1038 568 bs!
1062 487 1263 570 „laetitiae“;

136 598 241 659 neque
273 577 378 641 ullum
402 574 604 659 exemplum,
639 595 703 657 quo
726 597 766 639 ex
789 576 890 641 verbo
925 576 988 641 hoo
1016 596 1114 641 sensu
1143 572 1262 657 posito,

137 663 342 729 aoousativus
365 669 462 744 aptus
485 661 537 738 sit,
559 661 737 725 iuvenitur.
789 660 906 743 Itaque
928 662 1082 726 Halmius
1102 679 1136 725 et
1157 659 1262 724 Rioh-

137 757 228 812 terus
250 748 363 812 invitis
392 746 555 812 oodioibus
577 767 636 828 per
659 745 877 809 oonieoturam
907 750 1109 829 seripserunt
1139 745 1262 820 ,vioto-

139 833 235 910 riae“,
260 832 344 914 quod
363 851 558 914 quamquam
582 852 623 894 ex
646 830 809 894 communi
832 832 1025 897 Latinorum
1049 829 1177 896 dioendi
1201 850 1264 893 usu

138 918 325 982 restitutum
338 922 396 995 est,
415 924 526 980 tamen
546 936 626 979 num
639 914 788 980 Oioeroni
807 916 1008 981 reddendum
1026 917 1069 981 sit
1086 913 1264 979 admodum

139 1001 259 1067 dubito.
291 1002 364 1065 Duo
387 1002 473 1065 enim
497 1007 584 1076 sunt,
607 1020 692 1082 quae
713 1003 886 1081 quominus
908 1022 1035 1067 summo
1057 999 1179 1066 oratori
1201 999 1265 1064 hoo

140 1084 300 1165 tribuam,
330 1085 518 1168 impediant.
571 1085 731 1162 Primum,
761 1106 920 1168 nusquam
950 1086 1074 1165 (lioero,
1104 1092 1265 1168 quantum

140 1169 290 1255 equidem
312 1170 495 1249 observavi,
522 1167 656 1235 verbum
679 1169 741 1234 hae
762 1169 997 1254 signifieatione
1018 1172 1159 1254 positum
1188 1189 1266 1237 oum

140 1257 249 1323 dativo
271 1256 320 1321 rei
338 1255 517 1334 coniunxit,
541 1253 657 1319 deinde
675 1255 710 1318 in
727 1255 922 1340 tautologiae
940 1257 1061 1322 orimen
1080 1258 1267 1322 insumeret

140 1350 265 1419 orator,
299 1341 328 1405 si
363 1341 556 1417 ‚,viotoriae“
591 1340 790 1423 seripsissst,
824 1363 901 1406 nam
933 1340 1011 1424 quid
1049 1341 1137 1407 aliud
1177 1347 1267 1406 esset

143 1426 317 1506 „victoriae
340 1431 540 1508 temperare“
564 1446 662 1508 quam
688 1425 852 1502 ,animum
876 1428 1026 1493 vineare“
1059 1433 1092 1492 et
1116 1427 1266 1503 „iratun-

142 1512 260 1590 diam“,
283 1532 365 1593 quae
388 1510 577 1594 plerumque
606 1511 779 1576 ooniunota
807 1531 877 1577 esse
905 1512 988 1578 solet
1014 1533 1087 1578 oum
1117 1511 1266 1589 viotoria,

144 1596 343 1677 „cohiberet
366 1596 499 1661 -Iam
517 1616 603 1674 vero,
627 1595 801 1677 quaeritur,
821 1596 980 1679 quomodo
999 1597 1144 1682 genuina
1162 1596 1266 1680 serip-

142 1690 217 1748 tura
250 1683 445 1761 restituatur
452 1706 460 1761 3
492 1682 598 1746 looum
632 1681 719 1745 enim
754 1688 943 1764 corruptum
978 1703 1049 1749 esse
1081 1689 1116 1747 et
1145 1681 1267 1746 mendo

141 1767 290 1834 laborare
320 1788 416 1832 nemo
447 1785 515 1831 non
541 1766 706 1850 iutelligit.
758 1766 896 1833 Godioes
927 1766 970 1845 G,
993 1770 1033 1847 E,
1056 1767 1089 1834 G
1117 1773 1268 1844 (auotore

142 1853 292 1937 Baitero)
331 1852 488 1937 praebent
528 1850 734 1929 „viatoriam“
771 1851 896 1918 oodioes
934 1853 982 1931 M,
1011 1854 1047 1917 Τ.
1090 1853 1267 1931 „vietum“,

143 1937 244 2021 quod,
275 1959 349 2003 oum
379 1959 438 2021 pro
460 1936 647 2003 aoousativo
682 1937 878 2005 substantivi
915 1938 1052 2004 haberet
1078 1938 1268 2003 Arusianus

144 2023 287 2090 Messius
309 2022 457 2107 vulgaris
478 2021 573 2087 verbi
596 2030 780 2087 struoturae
802 2043 927 2088 memor
948 2044 979 2107 p.
1004 2028 1066 2086 264
1088 2022 1144 2088 ubi
1166 2022 1268 2088 huius

143 2109 207 2175 looi
227 2108 427 2173 mentionem
450 2107 535 2187 feeit,
566 2128 736 2190 perperam
764 2108 903 2172 mutavit
929 2109 966 2172 in
996 2109 1146 2186 „viotui“.
1193 2109 1269 2174 Hoo

144 2202 252 2260 autem
274 2214 408 2277 prorsus
425 2193 572 2274 ineptam
593 2191 726 2275 praebet
744 2193 882 2258 sentiam
905 2200 940 2259 et
959 2215 978 2258 a
996 2193 1155 2259 Oieerone
1173 2194 1270 2260 salva

144 2280 270 2345 ratione
291 2277 356 2344 diei
377 2299 443 2343 uon
464 2277 576 2360 potuit.
603 2312 638 2324 —
948 2332 951 2336 .

228 2364 367 2429 Intuens
388 2363 462 2427 illas
484 2368 553 2427 tam
576 2361 722 2427 diversas
750 2364 929 2446 scripturas
954 2361 1054 2429 inoidi
1082 2364 1118 2427 in
1140 2364 1269 2430 oonieo·

146 2458 263 2527 turam,
285 2469 348 2531 qua
369 2448 440 2531 ipsa
461 2447 629 2512 Oioeronis
651 2448 751 2513 verba
772 2447 813 2512 ad
831 2448 998 2532 integrum
1020 2449 1150 2514 restitui
1172 2454 1269 2532 puta·

146 2535 260 2599 verim.
306 2535 382 2615 Ipsa
404 2532 491 2598 enim
512 2532 574 2597 looi
596 2533 760 2597 sententia
782 2531 919 2598 suadere
940 2532 1073 2600 videtur
1101 2542 1138 2598 ut
1164 2535 1270 2617 serip-

145 2621 225 2686 sisse
268 2619 459 2684 Oioeronem
500 2619 696 2682 arbitremur
742 2618 839 2686 haeoz
901 2618 1079 2696 ,Animum
1126 2619 1269 2699 vinoero,

144 2703 348 2770 iracundiam
370 2703 529 2781 cohibere,
559 2703 672 2769 vieto
695 2708 942 2785 temperare,
972 2703 1196 2770 adversarium
1225 2743 1269 2754 —-

75 2847 78 2853 .
146 2790 303 2855 extollere
324 2789 481 2854 iuuentem
506 2794 540 2851 et
561 2808 589 2872 q.
619 2809 680 2854 soe.
735 2788 838 2872 Atque
865 2789 927 2854 hoo
953 2809 1069 2854 revera
1095 2790 1129 2852 in
1154 2788 1269 2855 arohe-

145 2888 225 2960 typo
247 2875 356 2952 fuisse,
380 2894 438 2956 pro
460 2880 549 2938 oerto
571 2873 803 2938 affirmaverim
809 2897 817 2953 ;
841 2895 877 2939 ao
900 2882 1014 2956 sponte
1037 2881 1172 2956 apparet
1193 2895 1266 2957 per·

146 2981 274 3025 versam
305 2958 396 3022 illam
424 2959 628 3042 seripturam,
659 2980 742 3042 quae
766 2959 799 3022 iu
829 2959 922 3024 libris
950 2958 1181 3041 manusoriptis
1211 2980 1269 3023 ex·

146 3047 292 3123 hibetur,
320 3044 416 3127 eulpa
442 3043 567 3108 librarii
595 3050 698 3108 ortam
725 3065 803 3123 esse,
833 3043 905 3126 qui,
926 3063 1010 3108 oum
1039 3043 1271 3108 anteoederent

147 3130 322 3196 accusativi
352 3136 386 3194 et
407 3129 692 3212 subsequerentur,
720 3130 818 3195 etiam
851 3127 912 3194 hoo
940 3128 1011 3194 looo
1039 3129 1128 3195 huno
1155 3149 1269 3195 oasum

147 3214 333 3299 ponendum
367 3235 451 3293 esse,
481 3215 705 3280 arbitraretur.
762 3215 916 3279 Fortasse
949 3215 1046 3278 etiam
1080 3214 1150 3279 eius
1183 3213 1271 3280 oouli

148 3301 386 3366 aberraverunt
407 3319 426 3363 a
448 3300 677 3364 terminatione
694 3299 785 3364 verbi
809 3298 1059 3376 „imoundiam“.
1104 3298 1172 3363 Sed
1189 3320 1269 3381 quo·
1315 3348 1319 3353 .

149 3386 373 3468 modoounque
384 3384 570 3467 oorruptelo
582 3384 722 3467 irrepsit,
741 3383 774 3447 id
785 3391 908 3448 eertum
927 3391 985 3462 est,
1009 3383 1116 3462 talem,
1137 3385 1270 3466 qualem

149 3472 275 3537 oodioes
296 3471 485 3554 praebeant,
507 3468 614 3534 looum
638 3489 706 3532 non
726 3467 895 3532 ferendum
919 3489 998 3533 esse.
1048 3469 1166 3552 Itaque
1188 3469 1270 3534 satis

149 3558 262 3621 mirari
289 3578 356 3620 non
382 3575 531 3639 possum,
560 3554 645 3636 quod
672 3553 718 3618 M.
746 3553 928 3637 Seyffertus
954 3554 989 3616 in
1016 3573 1117 3637 gram.
1153 3556 1176 3637 ξ.
1211 3557 1269 3618 169

149 3640 238 3706 haud
266 3640 363 3707 dubio
390 3641 489 3704 huius
516 3639 579 3704 looi
611 3639 803 3705 auotoritate
830 3641 920 3704 nisus
948 3637 1033 3716 dioit,
1064 3639 1272 3721 temperandi

150 3727 287 3793 verbum
310 3748 382 3791 oum
411 3725 595 3791 aoousativo
618 3723 788 3807 ooniungi,
819 3724 847 3788 si
873 3725 941 3788 fere
969 3722 1055 3787 idem
1083 3725 1142 3803 sit,
1172 3732 1271 3806 atque

153 3812 281 3895 „aliqua
301 3832 337 3875 re
357 3832 430 3877 oum
453 3809 675 3874 moderatione
698 3810 774 3873 uti‚“

237 3897 433 3962 Goniootura
454 3903 573 3971 autem,
597 3903 635 3958 ut
655 3894 716 3959 hoo
738 3892 863 3970 addam,
886 3913 982 3976 quam
1002 3894 1155 3976 proposui
1173 3913 1271 3976 prop·

152 3990 240 4048 terea
268 3980 442 4044 admodum
464 3979 640 4064 probabilis
661 3980 800 4055 videtur,
824 3977 908 4058 quod
927 3985 1059 4061 reoepta
1086 3978 1143 4042 illa
1167 3979 1272 4062 sorip-

153 4075 227 4131 tura
247 4066 351 4130 multo
373 4065 564 4131 oonoinnius
581 4066 619 4129 fit
641 4070 748 4128 totum
769 4063 976 4127 enuntiatum
998 4070 1033 4128 et
1059 4062 1142 4127 illud
1169 4071 1272 4142 „tem-

152 4158 285 4233 peraro“
312 4149 406 4215 verbi
434 4149 624 4232 „paroendi“
648 4150 681 4217 vi
699 4147 1031 4230 frequentatissimum
1048 4154 1098 4213 est
1108 4148 1271 4214 Oioeroni.

154 4234 332 4320 Oompares
365 4235 464 4301 velim
497 4234 563 4301 Oia.
598 4234 716 4300 Aooad.
753 4237 781 4312 2,
815 4237 844 4311 2,
880 4239 898 4294 4
932 4234 1093 4315 superatis
1123 4233 1272 4303 hostibus
