2820 4822
629 291 797 353 —mh

152 459 312 541 dulkiano,
341 462 368 525 si
387 464 556 527 otttorem
570 459 619 524 ed
635 458 725 526 nane
747 460 966 543 parsimoniae
994 461 1100 544 legem
1122 479 1276 530 remeare

150 549 184 610 e't
205 546 240 609 iu
261 545 322 612 has
337 547 514 631 angustias
536 545 728 629 oompellere
745 545 914 612 velimus.“

235 630 354 696 Paullo
383 631 479 696 aliter
500 629 671 695 Weiakius
698 631 858 697 succurrit
880 631 1045 697 Oioeroni:
1083 629 1276 708 „Peoeasset

151 721 292 794 auotor,“
317 718 344 783 si
362 717 518 782 voluisset
538 717 685 794 seribere,
713 716 847 792 „eomite
864 716 1020 781 itineris.“
1049 715 1141 781 Nam
1159 738 1180 781 a
1200 736 1274 782 onr-

150 799 253 867 rioulo
270 802 413 884 petierat
429 802 669 883 metaphoram.
716 801 812 866 Hane
834 809 872 865 ut
892 808 1050 880 servaret,
1081 819 1186 884 neque
1203 812 1274 866 nno

150 886 250 950 verbo
258 886 434 952 defunctus
455 894 489 951 et
511 885 694 970 adpropria
710 886 829 950 statim
840 886 1007 952 revolutus
1029 887 1136 951 loenm
1152 886 1274 952 durum

147 970 276 1051 faeeret,
295 971 431 1037 subierit
455 972 567 1054 „quasi
588 970 680 1055 quod.
702 994 725 1037 s.
750 976 809 1036 eto.
834 971 988 1044 Ceterum
1009 970 1145 1037 idoneus
1167 980 1201 1036 et
1219 972 1273 1035 in-

148 1062 242 1139 teger
273 1054 371 1120 iudex
401 1064 503 1139 prope
531 1065 573 1121 ex
606 1058 677 1139 ipsa
702 1058 871 1122 ‘sententia
892 1056 1091 1122 *Oioeronem
1120 1063 1275 1140 agnosoet

148 1147 323 1206 auotorem.
368 1143 501 1206 Etenim
528 1142 764 1208 incredibiliter
784 1142 841 1207 ille
867 1140 1072 1208 exeitaba'tur
1090 1143 1273 1208 amieorum

148 1222 281 1308 paribus
298 1225 415 1293 studiis
433 1235 465 1292 et
482 1227 621 1293 honesta
633 1228 865 1306 aemulatione,
883 1246 989 1310 neque
1004 1247 1068 1292 uno
1087 1227 1155 1293 loeo
1174 1234 1273 1293 testa·-

144 1318 211 1391 tur,
232 1330 347 1377 eorum
369 1332 445 1378 easu
468 1312 576 1377 studia
597 1333 657 1379 sua
671 1313 890 1396 ·elanguisse.“

232 1395 411 1482 Utriusque
440 1397 583 1462 defensio
611 1420 689 1464 sane
716 1397 816 1463 habet
840 1397 930 1463 haud
951 1398 1110 1481 ‘exiguam
1135 1418 1272 1482 persua·

146 1479 244 1546 dendi
266 1481 350 1562 rim;
380 1490 492 1549 tamen
519 1485 626 1549 neutri
648 1493 787 1566 prorsus
815 1482 1061 1549 assentiendum
1089 1505 1170 1562 esse,
1195 1483 1272 1549 <loeo

146 1568 265 1632 iterum
299 1569 481 1649 iterumque
519 1569 678 1651 perlecto,
717 1567 901 1652 intelligere
935 1568 1021 1634 {mihi
1054 1569 1149 1634 misus
1187 1589 1270 1634 sum.

146 1651 259 1718 Oieero
281 1653 377 1730 enim,
400 1653 528 1736 siquid
550 1653 654 1731 video,
684 1654 857 1720 coniunxit
875 1653 980 1719 verba
1004 1652 1149 1730 „aemulo
1172 1660 1272 1737 atque

145 1737 520 1805 imitatorestudiorum“
535 1745 574 1802 ot
591 1737 707 1803 deinde
728 1759 784 1816 „ae
798 1739 948 1804 laborum
964 1739 1102 1804 aoeio'et
1120 1740 1269 1814 eomite‚“

145 1822 290 1908 adp-quae
312 1824 463 1907 imaginis
476 1822 675 1889 ‘molliendae
697 1838 795 1890 eausa
816 1823 941 1889 addidit
964 1825 1074 1906 ‚qnasi
1094 1823 1269 1906 quodam.“

141 1908 230 1972 Nam
248 1908 326 1990 quid
348 1909 391 1973 sit
415 1909 579 1986 „imitator
592 1917 625 1974 et
636 1910 784 1974 aemulus
796 1908 1007 1986 studiorum,“
1031 1908 1271 1991 soi0,sed·quid

146 1993 207 2058 sibi
222 1993 306 2059 'vetit
330 1995 497 2071 „aemulus
514 2002 547 2060 et
568 1994 713 2059 imitator
723 1995 898 2060 ’laborum‘
918 2002 990 2058 *non
1002 2012 1171 2077 assequor,
1189 2007 1271 2060 eum

144 2078 271 2144 labores
293 2079 375 2144 nihil
393 2079 547 2157 habeant,
572 2080 656 2163 quod
678 2080 719 2144 ad
739 2079 934 2145 imitandum
950 2080 1084 2145 invitet.
1121 2079 1270 2144 Labores

143 2172 253 2228 autem
276 2171 363 2228 ‘sunt
387 2166 422 2230 'ei
449 2164 667 2250 intelligendi,
703 2187 782 2247 quos
806 2166 879 2231 uita
911 2166 981 2230 eius
1006 2166 1079 2244 fert,
1095 2165 1159 2247 qui
1180 2183 1268 2243 mm,

140 2249 306 2332 publicam
327 2251 511 2332 capessivit.
541 2251 661 2333 -Itaque
683 2251 849 2333 aptissime
871 2250 1047 2316 Mareellus
1061 2262 1088 2315 {a
1101 2249 1270 2316 ‘Oioerone

143 2332 428 2417 appellarisspotuit
449 2334 597 2400 laborum
620 2357 753 2400 suerum
775 2335 867 2418 quasi
889 2336 995 2401 soeius
1016 2343 1186 2400 etoomes.
1218 2334 1269 2399 m

144 2417 245 2504 igittir
283 2428 461 2502 pronomen
497 2418 591 2497 „illo“
632 2427 791 2486 commate
831 2419 1020 2485 distinxeris
1044 2441 1072 2484 a
1106 2419 1269 2485 svoeabulo

140 2504 312 2582 ,aemule
323 2512 364 2570 iet
385 2505 485 2572 verba
502 2505 548 2569 ita
568 2506 784 2584 coniunxeris,
803 2512 840 2570 ut
858 2506 1021 2589 genitivus
1033 2504 1265 2583 ,studiorum

143 2589 184 2653 ad
211 2591 311 2655 verba
343 2590 488 2667 „aemulo
516 2597 613 2673 atque
640 2592 822 2655 imitatore‘
854 2598 888 2654 et
914 2610 981 2655 vox
1012 2591 1200 2667 „laborum“
1215 2611 1268 2654 rex

142 2674 253 2740 verbis
269 2676 388 2758 ,quasi
411 2676 549 2759 quodam
577 2676 663 2741 soeio
688 2712 723 2720 —
743 2683 781 2740 et
799 2677 937 2740 oomito“
954 2675 1115 2758 pendeat,
1143 2675 1268 2740 existet

144 2760 278 2825 thiasmi
294 2761 412 2841 torma,
433 2781 536 2843 quam
560 2763 607 2826 eis
629 2762 716 2840 loeis,
745 2761 863 2844 quibus
879 2760 1138 2843 pluseponderis
1159 2763 1268 2826 inesse

141 2844 249 2910 ¹voluit
271 2844 393 2923 Oioero,
416 2846 446 2909 ei
469 2847 714 2912 usitatissimam
729 2847 837 2910 ¹fuisse
859 2853 997 2925 eonstat,
1028 2867 1087 2911 nee
1110 2845 1177 2910 ulla
1192 2845 1268 2909 viarn

142 2928 214 3009 erit,
242 2928 293 2995 rite
315 2929 447 3013 quidem
461 2931 576 2997 iudioe
590 2931 725 2997 inutilis
745 2931 800 2997 vvel
814 2932 959 2996 molesta
978 2931 1153 3014 appendix,
1171 2932 1267 3012 quae

141 3007 330 3080 defensione
352 3023 454 3099 egeat.
498 3015 566 3082 Sed
596 3017 716 3082 dixerit
742 3018 913 3099 quispiam,
941 3037 1054 3082 voeem
1067 3022 1265 3094 ,qmeorum“

138 3108 215 3182 post
243 3101 439 3167 venabulum
454 3103 650 3180 <„lab0rum“
675 3103 814 3185 positum
843 3101 968 3182 dooere,
999 3101 1060 3166 hoe
1087 3110 1160 3166 arte
1176 3118 1267 3166 oum

141 3195 220 3251 voo'e
255 3185 475 3264 „studiorum“
511 3187 772 3272 coniungendam
805 3209 885 3253 esse.
940 3189 1095 3252 Attamen
1117 3209 1171 3250 ex
1199 3186 1267 3250 vhae

139 3271 315 3337 verborum
337 3271 547 3337 eolloeatione
570 3273 624 3336 vix
648 3272 824 3356 quidquam
854 3272 962 3356 oolligi
990 3279 1109 3356 potest,
1135 3291 1210 3337 oum
1228 3279 1267 3335 at

141 3353 267 3421 Nouius
297 3357 474 3423 Marcellus
504 3378 533 3440 p.
558 3363 629 3438 239,
646 3363 671 3421 ‘2
702 3366 735 3422 et
761 3356 898 3423 Servius
926 3356 969 3423 ad
988 3359 1091 3443 ⁴'tierg
1112 3358 1198 3421 Ἀθη.
1222 3356 1265 3420 V.

139 3446 203 3527 2187
226 3442 314 3507 huno
335 3442 481 3508 ordinem
504 3445 722 3510 servaverint:
752 3441 808 3507 iilo
829 3443 959 3508 aemulo
980 3451 1078 3525 atque
1100 3443 1266 3506 imitatore

139 3525 324 3593 studiorum
352 3546 501 3614 meorum
531 3550 567 3594 ao
594 3529 743 3594 laborum
765 3536 848 3611 etq.
878 3550 956 3608 see,
987 3549 1070 3610 quae
1102 3529 1266 3610 seriptura

137 3613 296 3678 rn'aioiem
325 3614 523 3698 integritatis
549 3617 690 3696 speeiem
718 3635 853 3697 praese
880 3614 966 3678 ferre
996 3611 1134 3689 videtur,
1163 3632 1263 3694 quam

79 3709 80 3712 ’
137 3719 222 3780 quae
253 3700 289 3763 in
319 3698 481 3764 oodieibus
513 3706 628 3765 exstat.
652 3737 694 3746 —-
724 3699 851 3763 Deinde
883 3701 919 3762 in
945 3702 973 3782 q.
1009 3698 1106 3762 tertia
1125 3696 1265 3761 dubitat

139 3775 291 3862 Wolfius,
306 3805 394 3847 num
417 3785 494 3848 ferri
515 3787 616 3867 possit
646 3783 781 3864 „iudicio
804 3785 974 3848 maxin10.“
1021 3780 1117 3863 Quod
1137 3804 1178 3846 ex
1199 3803 1263 3846 usu

137 3868 294 3934 &Tulliano
322 3869 443 3933 dietum
473 3891 542 3934 esse
570 3871 740 3936 Wormius
772 3871 837 3933 iam
870 3868 978 3933 doeuit
1006 3867 1057 3932 his
1087 3867 1262 3950 exemplis:

140 3951 203 4019 Pro
226 3954 286 4036 leg.
311 3953 423 4016 Manil.
446 3974 473 4019 o.
499 3959 535 4017 15
562 3955 620 4032 „de
643 3977 705 4037 quo
728 3962 822 4018 tanta
845 3961 967 4018 ettam
990 3952 1158 4035 praeclara
1179 3950 1263 4015 iudi·

140 4035 190 4103 eia
210 4039 352 4103 fecistis“
376 4036 554 4103 ibid.e.¹16
581 4040 740 4114 „Potestis
758 4040 972 4114 constituere,
996 4038 1155 4118 Quirites,
1175 4035 1264 4102 -hauo

138 4125 367 4191 ¹auetoritatem
381 4126 568 4207 -magnis
576 4127 694 4190 vestris
710 4122 1149 4205 iudioiisamplifioatamete.
1165 4122 1263 4187 ·Phil.

140 4207 167 4272 I.
185 4214 219 4271 15
238 4208 356 4273 iudioia
375 4208 484 4293 populi
496 4210 637 4275 Romani
656 4210 747 4275 vobis
759 4231 879 4294 magna
891 4207 1111 4273 videbantur.“
1136 4204 1264 4270 Eodem
