2820 4822
580 314 750 377 „49-

101 479 214 563 cred03
236 481 355 563 Audio,
379 482 436 548 sed
455 502 522 547 non
541 483 665 548 audio.“
691 520 733 531 -
755 484 828 550 Hoc
846 491 896 548 est
914 484 1109 550 calumniari
1126 486 1231 571 magis

102 568 303 652 scriptorem,
327 590 423 651 quam
447 577 534 634 recte
553 588 753 652 percensere,
777 591 855 634 nam
874 570 962 635 aliud
985 577 1035 637 est
1057 570 1227 653 ,credere“

46 683 49 692 ·
102 654 191 719 aliud
216 656 377 732 „audire“.
423 656 570 722 Verbum
592 654 747 721 credendi
768 656 800 720 h.
824 656 844 720 l.
868 657 936 722 fere
958 657 1045 722 idem
1068 657 1232 741 significat

99 761 139 806 ‘ac
161 762 249 820 „non
272 739 416 820 dubito“,
445 742 583 807 verbum
612 741 766 805 audiendi
795 749 904 806 autem
928 742 995 808 vim
1017 742 1117 808 habet
1139 744 1231 810 verbi

100 825 303 909 „probandi“
338 826 389 892 vel
423 827 690 906 „consentiendi“
717 835 761 914 ut
790 849 886 910 saepe
920 829 958 894 cf.
988 827 1054 895 Oic.
1077 851 1107 911 p.
1130 829 1228 894 Rosc.

100 913 213 978 Amor.
240 917 288 992 18,
312 917 362 977 52.
407 913 535 992 „Immo
565 934 653 992 vero,
682 913 800 996 inquit,
830 921 886 978 est.
933 913 1018 978 Nam
1048 915 1149 979 istum
1172 938 1229 981 ex·

101 997 315 1064 heredare'in
334 999 444 1064 animo
463 998 610 1064 habebat.
647 997 764 1078 Audio,
787 1021 874 1065 nunc
893 997 973 1066 dicis
992 999 1124 1083 aliquid,
1143 999 1230 1083 quod

100 1083 141 1148 ad
174 1106 243 1149 rem
277 1087 439 1169 pertineat
471 1086 509 1150 cf.
539 1085 606 1151 Cio.
630 1085 724 1149 Verr.
752 1084 798 1150 ΙΙ.
829 1088 878 1164 59,
911 1090 982 1150 60.“
1006 1084 1229 1152 —Similiter

100 1170 275 1238 Terentius
308 1173 343 1236 in
376 1171 537 1237 Eunucho
570 1170 615 1235 ΙΙ.
648 1175 675 1250 3,
710 1175 748 1233 77
784 1170 921 1238 verbum
953 1171 1035 1235 illud
1069 1172 1227 1238 adhibuit.

99 1257 159 1335 „P.
184 1257 303 1341 Capias
326 1265 363 1322 tu
385 1257 472 1323 illius
495 1263 630 1324 vestem.
671 1255 707 1322 O.
732 1256 888 1322 Vestem?
912 1258 990 1340 quid
1013 1265 1082 1322 tum
1104 1266 1227 1340 postea.
1308 1267 1310 1271 ’
1361 1329 1365 1337 ,

100 1343 138 1408 P.
161 1364 220 1427 pro
242 1344 297 1409 illo
320 1351 352 1410 te
375 1343 491 1410 ducam
514 1342 550 1407 Ο.
576 1340 704 1406 nudior
727 1342 768 1407 ad
791 1364 873 1426 quac
898 1342 1063 1409 Donatus:
1093 1343 1146 1420 „id
1169 1353 1227 1424 est,

99 1427 238 1495 libenter
267 1431 329 1497 hoc
357 1431 493 1495 admitto
507 1437 548 1508 ,et
574 1429 775 1494 consentio.“
799 1467 839 1475 -
862 1428 954 1494 Haec
977 1429 1127 1512 exempla
1149 1432 1229 1496 satis

99 1535 170 1581 esse
199 1516 354 1583 videntur
381 1516 421 1579 ad
450 1513 750 1592 demonstrandum,
781 1533 841 1578 nec
869 1514 992 1599 logicae
1021 1515 1141 1580 rationi
1168 1537 1227 1582 nec

98 1602 310 1667 concinnitati
340 1602 500 1667 sermonis
528 1599 661 1665 illorum
688 1600 863 1665 verborum
892 1602 1153 1666 coniunctionem
1176 1624 1226 1668 re-

97 1708 255 1771 pugnare.
309 1688 402 1754 Haec
434 1689 523 1753 enim
557 1686 697 1751 efficitur
730 1687 810 1751 satis
848 1686 1024 1770 probabilis
1056 1689 1226 1753 sententia.

50 1827 53 1832 .
99 1773 196 1853 „Non
225 1772 354 1854 dubito,
387 1775 465 1858 quin
492 1773 539 1838 ita
566 1772 707 1851 sentias,
741 1771 798 1838 sed
826 1778 898 1837 tum
926 1779 1055 1838 tantum
1082 1773 1117 1836 id
1140 1794 1226 1838 com-

96 1858 272 1942 probarem
297 1869 338 1925 ab
360 1861 432 1926 iure
457 1868 491 1925 te
520 1859 602 1925 illud
631 1857 737 1923 dicere
766 1857 992 1939 concederem,
1023 1858 1051 1925 si
1079 1858 1139 1923 tibi
1167 1859 1227 1925 soli

98 1945 237 2011 viveres.

182 2032 295 2096 Etiam
317 2033 352 2096 in
375 2034 398 2115 t.
419 2035 457 2095 26
482 2030 624 2096 Wolfius
646 2030 781 2109 invenit,
804 2051 888 2112 quae
911 2031 1094 2115 castigaret.
1134 2032 1226 2098 Duos

96 2117 241 2183 minutos
268 2138 394 2182 errores
428 2117 490 2181 sibi
518 2137 687 2183 occurrere
718 2115 794 2180 dicit
823 2116 859 2180 in
892 2117 1000 2198 priore
1029 2117 1226 2202 paragraphi

96 2209 190 2285 parte
202 2227 210 2283 ;
256 2203 379 2271 scilicet
420 2201 628 2268 scribendum
667 2201 769 2267 fuisse
808 2210 918 2266 censet
958 2224 1024 2268 non
1067 2205 1225 2287 „gloriam

96 2293 273 2373 magnam“
296 2288 353 2354 sed
374 2295 500 2353 mutato
523 2287 696 2355 verborum
717 2287 832 2352 ordine
854 2308 1028 2372 „magnam
1052 2288 1224 2372 gloriam“:

97 2397 196 2455 „nam
223 2379 392 2459 „parum“,
426 2373 526 2454 addit,
559 2373 691 2457 propius
724 2373 817 2457 iungi
850 2375 953 2457 poscit
986 2374 1155 2455 adiectivo,
1188 2383 1226 2440 ut

97 2461 222 2539 „satis“
255 2467 287 2525 et
318 2461 468 2542 „nimis“,
502 2461 557 2544 qni
596 2461 749 2543 frequens
782 2465 816 2523 et
848 2467 1001 2525 constans
1034 2482 1113 2527 usus
1145 2466 1226 2527 est.“

98 2544 203 2627 Quod,
232 2567 429 2631 quamquam
457 2554 544 2613 recte
571 2545 779 2611 observatum
802 2553 861 2625 est,
892 2552 1004 2611 tamen
1032 2568 1098 2611 non
1119 2547 1225 2631 magis

97 2640 212 2715 aptum
234 2639 292 2712 est,
323 2654 420 2716 quam
442 2632 507 2697 alia
529 2631 642 2710 multa,
679 2651 762 2715 quae
784 2631 836 2696 vir
864 2631 979 2698 doctus
1006 2641 1118 2697 contra
1138 2633 1225 2698 hanc

97 2718 278 2783 cretionem
303 2718 456 2802 protulit,
488 2717 530 2782 ad
552 2716 644 2782 nobis
673 2715 952 2799 persuadendum,
984 2739 1057 2783 eam
1086 2718 1225 2784 Claudio

96 2803 202 2884 fatuo,
236 2824 332 2886 quam
367 2803 526 2874 Cicerone
560 2822 630 2869 esse
664 2803 854 2886 digniorem.
911 2803 996 2869 Nam
1029 2803 1224 2872 vocabulum

97 2890 286 2973 „gloriam“‚
310 2890 395 2972 quod
417 2912 477 2956 suo
499 2890 570 2956 loco
593 2909 664 2955 esse
686 2887 827 2954 Wolfius
848 2895 963 2973 negat,
996 2891 1128 2955 omnino
1157 2913 1223 2955 non

97 2976 138 3041 ab
160 2976 316 3041 orationis
334 2983 465 3042 auctore
482 2977 663 3060 profectum
685 2995 765 3054 esse,
788 2973 845 3039 sed
867 2975 908 3039 ab
929 2975 1062 3042 homine
1084 2975 1224 3041 doctiore

96 3061 285 3143 posterioris
319 3063 473 3145 temporis
501 3062 702 3144 adscriptum
729 3060 783 3127 vel
809 3061 843 3124 in
873 3061 1049 3126 verborum
1075 3061 1224 3128 ordinem

95 3146 255 3213 insertum
274 3167 355 3225 osse,
381 3155 418 3212 ut
435 3155 587 3231 putemus
605 3146 825 3229 compluribus
843 3146 949 3212 causis
971 3167 1222 3215 commovemur.

96 3233 147 3296 Ac
168 3233 313 3315 primum
343 3232 473 3316 quidem
504 3233 595 3298 deest
621 3233 656 3296 in
679 3229 841 3296 codicibus
864 3231 896 3296 G
919 3240 952 3296 et
973 3234 1019 3313 El,
1048 3255 1127 3317 quos
1156 3234 1222 3299 iam
1260 3288 1263 3294 .

96 3339 195 3382 sura
227 3318 316 3383 haud
355 3339 429 3384 raro
463 3321 624 3387 veriorem
658 3318 853 3400 scripturam
890 3338 1038 3384 servasse
1071 3319 1221 3385 vidimus.

96 3339 200 3483 Adde,
231 3404 317 3488 quod
346 3405 428 3470 illud
447 3404 644 3472 vocabulum
673 3410 741 3468 tam
769 3403 881 3486 paucis
910 3403 1092 3470 interiectis
1116 3405 1222 3471 verbis

96 3489 268 3572 antecedit,
297 3495 334 3555 ut
355 3499 469 3573 sponte
490 3492 523 3556 h.
546 3491 566 3556 l.
591 3489 758 3570 audiatur3
789 3510 849 3555 noc
871 3499 959 3556 certe
987 3491 1133 3556 auxisset
1154 3512 1224 3556 ora·

96 3580 148 3638 tor
168 3596 205 3640 eo
227 3575 337 3641 addito
360 3577 542 3644 sententiae
564 3577 770 3660 gravitatem,
815 3575 931 3660 Itaque
952 3575 1032 3641 haec
1056 3575 1223 3643 Ciceronis

95 3680 166 3726 esse
188 3660 426 3728 contenderim:
449 3664 638 3743 „Parumne
660 3662 772 3746 igitur,
795 3663 922 3745 inquies
944 3683 1099 3746 magnam
1121 3663 1221 3728 relin-

95 3752 263 3828 quemus“,
285 3769 349 3830 qua
371 3756 502 3835 recepta
528 3749 691 3831 scriptura
717 3747 829 3813 nullus
857 3746 923 3812 iam
946 3748 1010 3812 erit
1031 3749 1220 3814 offensionis

93 3830 193 3898 locus.
216 3869 260 3880 —-
279 3833 349 3899 Nec
377 3836 486 3901 minus
515 3834 714 3901 confidenter
743 3833 938 3899 vocabulum
965 3834 1105 3915 „cives“‚
1135 3834 1221 3917 quod

93 3917 128 3982 in
162 3919 328 3985 nonnullis
359 3920 452 3987 libris
484 3920 715 4002 manuscriptis
748 3917 937 3998 exhibetur,
976 3919 1221 4004 interpolatoris

92 4005 245 4072 manibus
263 4003 373 4073 deberi
395 4007 474 4086 dico,
497 4027 695 4091 quamquam
713 4003 864 4084 wolfius,
887 4013 923 4070 ut
945 4027 1064 4074 novam
1087 4006 1222 4072 haberet

92 4092 355 4174 reprehendendi
381 4115 505 4173 ansam,
539 4091 739 4160 servandum
768 4112 839 4156 esse
867 4092 1005 4171 censuit,
1039 4093 1101 4159 hac
1124 4113 1221 4158 causa

93 4198 187 4243 usus:
217 4178 494 4259 „Restituendum
517 4188 595 4263 puto
622 4176 706 4244 illud
726 4179 857 4259 „cives“
879 4185 953 4262 post
973 4184 1093 4258 „suos“
1116 4200 1158 4243 ne
1181 4178 1221 4243 de

93 4262 218 4328 familia
245 4265 412 4348 cuiusque,
440 4266 480 4333 dc
507 4289 618 4347 uxore,
648 4263 769 4346 liberis,
798 4265 920 4332 mentio
948 4264 1033 4331 facta
1060 4265 1218 4352 videatur,

145 4367 254 4422 Hanno,
271 4369 405 4413 Dissertatio.
996 4366 1013 4424 4
