2820 4822
627 284 771 349 ,μ

139 465 248 528 autem
276 479 397 525 nomen
412 458 541 525 silentio
562 457 752 543 praeterire.
770 477 836 525 non
858 478 992 542 possum
1013 453 1052 523 F.
1076 459 1117 523 A.
1140 449 1266 532 Wolfit

140 549 259 632 quippe
280 547 315 611 in
339 567 402 630 quo
424 568 492 611 non
514 546 610 612 modo
632 554 798 630 appareat,
828 553 987 628 quantum
1017 543 1121 627 possit
1147 544 1182 606 in
1206 539 1267 606 hoc

136 655 257 718 genere
279 643 312 698 et
334 634 459 718 ingenii
482 635 567 700 acies
590 643 622 699 et
644 630 856 717 percensendi
885 628 1115 712 iudicandique
1138 626 1267 691 subtili·

136 731 197 799 tas,
221 718 388 785 sedetiam
410 721 444 784 in
457 727 577 803 quanto
598 718 742 803 periculo
766 725 949 796 versentur,
963 717 1018 800 qui
1040 715 1075 780 in
1096 710 1267 779 eiusmodi

136 808 235 872 rebus
256 827 388 889 operam
422 819 555 889 ponant,
585 828 626 870 ne
660 806 695 870 in
728 804 950 889 periclitandis
983 801 1106 886 ingenii
1139 798 1268 867 viribus

137 893 270 958 modum
293 891 461 968 excedant,
485 891 614 974 etplus
636 892 722 956 iusto
745 912 824 956 suae
847 889 1015 954 doctrinae
1043 896 1102 952 aut
1130 885 1268 950 arbitrio

137 979 319 1044 tribuentes
340 978 376 1041 iu
397 978 609 1062 gravissimos
632 998 759 1042 errores
788 975 946 1053 incidant,
974 975 1021 1038 ita
1048 981 1086 1038 ut
1114 978 1290 1055 corrupta.

137 1085 240 1147 aeque
262 1072 359 1146 atque
382 1065 511 1146 integra
533 1072 570 1128 ut
599 1063 712 1147 inepta
741 1062 967 1127 condemnent.
1001 1095 1038 1105 -
1069 1058 1270 1123 Innumeros

137 1171 264 1216 errores
286 1149 405 1233 quibus
434 1150 605 1214 etiamtum
635 1149 785 1214 homines
818 1148 905 1213 docti
939 1145 1027 1230 capti
1059 1144 1270 1221 tenebantur,

137 1235 288 1313 Wolfius,
323 1245 360 1299 ut
388 1246 458 1300 erat
488 1235 650 1319 singulari
691 1234 818 1318 ingenii
851 1233 1001 1299 acumine
1034 1230 1202 1313 praeditus
1236 1236 1271 1292 et

138 1322 259 1387 eximia
276 1320 408 1406 linguae
431 1321 579 1386 Graecae
601 1329 635 1385 et
656 1322 797 1385 Latinae
820 1319 957 1386 scientia
986 1319 1177 1394 instructus,
1201 1315 1271 1397 pri·

137 1431 210 1474 mus
232 1408 363 1490 aperuit
384 1416 417 1471 et
439 1407 582 1486 sustulit,
593 1407 779 1472 innumeris
797 1407 874 1471 locis
894 1412 1044 1470 veterum
1063 1403 1270 1484 scriptorum,

137 1495 193 1578 qui
214 1493 412 1559 obscuritate
433 1492 542 1576 aliqua
563 1494 805 1576 premebantur,
824 1491 935 1556 lumen
958 1491 1079 1564 attutit,
1104 1487 1271 1552 utmerito

139 1581 170 1645 ei
192 1581 344 1663 princeps
366 1579 457 1645 locus
479 1581 565 1646 inter
586 1579 715 1645 criticos
738 1577 840 1642 tribui
869 1576 1030 1653 videatur.
1075 1575 1191 1656 Neque
1218 1583 1271 1636 ta·

139 1687 215 1731 men
238 1667 348 1729 minus
370 1665 517 1730 eiusdem
548 1665 641 1730 docet
670 1664 866 1747 exemplum,
894 1683 993 1746 quam
1022 1661 1117 1725 facile
1143 1659 1183 1736 ei,
1213 1659 1271 1741 qui

141 1772 236 1817 suum
260 1773 394 1816 sensum
417 1750 522 1816 solum
546 1752 660 1817 ducem
692 1752 796 1816 secuti
820 1749 855 1813 id
884 1751 989 1833 magis
1019 1754 1128 1833 agant,
1161 1752 1197 1810 ut
1219 1746 1272 1808 in·

140 1837 285 1915 veniant,
307 1837 344 1901 in
366 1837 483 1920 quibus
513 1837 712 1922 castigandis
740 1837 866 1920 ingenii
894 1837 946 1900 sui
974 1834 1076 1899 aciem
1105 1839 1273 1896 ostentent

140 1934 173 1990 et
193 1923 373 2003 venditent,
396 1943 494 2006 quam
516 1933 554 1987 ut
575 1945 622 2000 ea,
646 1945 728 2006 quae
751 1922 873 1987 tradita
894 1921 969 1998 sint,
994 1927 1082 1985 recte
1109 1919 1271 1999 interpre-

97 2041 100 2044 <
139 2017 261 2089 tenter,
286 2030 384 2093 quam
405 2009 508 2088 facile,
531 2011 676 2092 inquam,
699 2009 731 2075 ei
752 2006 1013 2090 reprehendendi
1026 2004 1166 2088 quadam
1179 2004 1272 2086 cupi-

140 2096 241 2161 ditate
264 2095 392 2179 abrepti
414 2116 451 2160 eo
472 2094 686 2173 adducantur,
710 2101 746 2158 ut
779 2114 845 2158 non
877 2092 973 2158 modo
1002 2090 1149 2174 singulos
1182 2089 1272 2153 locos

140 2185 210 2247 eius
231 2182 314 2258 libri,
343 2182 384 2246 ad
414 2203 510 2265 quem
543 2179 804 2265 percensendum
837 2179 1041 2254 accesserint,
1076 2175 1132 2241 sed
1165 2182 1273 2239 totum

139 2266 261 2331 librum
285 2269 324 2332 ab
348 2288 386 2331 eo
408 2268 574 2350 scriptore,
605 2268 697 2334 cuius
722 2266 822 2350 vulgo
851 2286 929 2348 prae
959 2286 994 2329 se
1028 2266 1111 2328 ferat
1142 2281 1273 2337 nomen,

141 2352 326 2428 abiudicent
348 2374 450 2435 eoque
472 2352 644 2438 indignum
667 2374 738 2418 esse
760 2353 962 2417 confirment.
997 2347 1093 2430 Quod
1116 2345 1274 2413 accidisse

142 2439 212 2505 viro
232 2437 328 2503 docto
351 2438 532 2520 putandum
555 2449 605 2505 est
626 2439 660 2503 in
684 2437 908 2521 percensenda
919 2435 1089 2502 Ciceronis
1113 2434 1272 2509 oratione,

143 2544 227 2607 quae
248 2524 440 2590 inscribitur
462 2546 520 2607 pro
543 2526 589 2591 M.
613 2523 779 2589 Marcello.
821 2521 921 2589 'Hanc
939 2520 1181 2587 oratiunculam
1204 2519 1274 2582 fere

142 2631 265 2689 omncs,
288 2620 448 2692 quotquot
470 2613 503 2674 in
528 2610 695 2676 Ciceronis
718 2611 849 2692 scriptis
871 2607 1020 2690 legendis
1043 2614 1076 2671 et
1104 2604 1273 2686 explican-

143 2695 194 2761 dis
216 2697 338 2762 versati
361 2704 464 2774 erant,
489 2697 626 2762 summis
648 2697 799 2762 certatim
817 2694 969 2760 laudibus
991 2713 1119 2774 semper
1145 2690 1273 2754 extule-

142 2790 219 2846 rant
240 2792 273 2846 et
294 2790 332 2846 ut
355 2781 656 2864 splendidissimum
678 2782 849 2846 Tullianae
872 2781 1077 2864 eloquentiae
1104 2776 1273 2858 exemplar

143 2866 332 2951 praedicare
354 2879 608 2949 consueverant3
632 2877 665 2933 et
686 2888 883 2951 quamquam
913 2868 1117 2941 exstiterant,
1141 2863 1198 2944 qui
1221 2863 1273 2926 in·

144 2952 309 3018 tellexisse
331 2954 392 3018 sibi
411 2952 611 3034 viderentur,
634 2955 716 3020 haec
738 2953 790 3020 vel
813 2953 870 3017 illa
891 2975 957 3018 non
988 2973 1035 3028 ea,
1062 2971 1127 3032 qua
1156 2949 1272 3014 (licere

143 3041 260 3104 florere
299 3039 426 3118 soleret,
465 3040 685 3106 concinnitate
720 3049 751 3104 et
784 3039 948 3122 elegantia
970 3037 1137 3114 excellcre,
1162 3045 1274 3098 tamen

144 3145 250 3203 neme,
273 3133 431 3207 quantum
455 3125 604 3209 equidem
634 3127 710 3204 scio,
740 3135 816 3190 ante
843 3123 1004 3189 Wolfium
1029 3123 1186 3188 inventus
1213 3127 1272 3196 est,

144 3212 199 3294 qui
221 3210 383 3276 eiusmodi
405 3212 501 3277 rebus
526 3211 685 3278 adductus
707 3219 810 3276 totam
829 3210 1008 3275 orationem
1034 3208 1155 3273 summi
1183 3206 1273 3271 illius

144 3297 284 3361 oratoris
306 3317 377 3362 esse
399 3319 520 3382 negare
543 3318 678 3381 eamque
696 3297 793 3363 alicui
814 3296 1015 3379 insequentis
1027 3294 1144 3359 aetatis
1166 3293 1273 3357 decla-

145 3382 263 3447 matori
297 3382 440 3448 tribuere
474 3382 617 3448 auderet.
669 3384 776 3455 Immo
809 3381 1058 3448 admirabantur
1091 3380 1154 3443 viri
1187 3377 1274 3442 docti

146 3469 217 3532 eius
258 3469 461 3553 singularem
502 3468 788 3553 pulchritudinem,
827 3467 1099 3551 acquiescendum
1136 3465 1201 3529 rati
1238 3464 1274 3527 in

145 3564 295 3620 veterum
318 3555 605 3639 grammaticorum
629 3557 800 3628 sententia,
824 3555 888 3637 qui,
912 3555 967 3618 ubi
995 3552 1094 3617 huius
1117 3551 1272 3616 orat-ionis

146 3642 345 3706 mentionem
367 3640 503 3719 faciunt,
527 3641 636 3706 addito
648 3640 815 3706 Ciceronis
839 3641 967 3704 nomine
979 3647 1153 3716 testantur,
1165 3656 1272 3718 neque

146 3749 181 3792 se
204 3747 308 3808 neque
331 3725 411 3792 alios
433 3748 578 3810 unquam
608 3726 647 3791 de
672 3728 734 3792 hoc
768 3736 898 3801 auctore
930 3724 1103 3790 dubitasse.
1154 3724 1272 3803 Itaque

146 3811 179 3876 id
197 3812 303 3894 magis
325 3822 463 3895 egerunt
485 3834 587 3895 usque
609 3812 650 3877 ad
678 3811 776 3878 huius
810 3811 931 3877 sacculi
962 3811 1103 3888 initium,
1138 3819 1174 3874 ut
1207 3809 1272 3871 dis·

146 3905 295 3961 sererent
317 3897 356 3961 de
377 3899 537 3964 sermonis
560 3897 730 3982 splendore
753 3908 786 3962 et
810 3919 893 3981 quae
921 3897 1030 3961 minus
1059 3897 1092 3959 in
1121 3902 1273 3978 promptu

146 3991 257 4047 essent
279 3983 410 4048 divinae
433 3985 513 4049 artis
531 3997 637 4062 notae,
660 4006 714 4050 eas
738 3983 930 4066 explicando
941 3981 1106 4066 aperirent
1128 3993 1272 4064 apertae·

147 4089 209 4149 que
232 4069 333 4134 oculis
355 4071 464 4134 minus
487 4071 591 4134 acutis
620 4079 847 4153 proponerent,
877 4090 975 4152 quam
1005 4077 1042 4132 ut
1069 4075 1272 4149 quaererent,

147 4175 228 4217 num
250 4164 337 4219 recte
355 4157 456 4221 oratio
480 4156 520 4220 ab
547 4155 603 4220 illo
632 4157 855 4221 Romanorum
890 4153 1017 4219 dicendi
1045 4153 1169 4217 artifice
1199 4173 1273 4233 pro·

148 4240 234 4306 fecta
255 4249 435 4325 putaretur.
481 4242 566 4307 'llum
589 4241 695 4309 subito
717 4243 756 4308 F.
776 4245 816 4309 A.
830 4241 973 4309 Wolfius
991 4238 1118 4306 exstitit
1139 4238 1274 4304 etomni
