2820 4822
575 279 745 344 -oa-
867 252 869 256 ⁴

92 450 206 529 putem
229 443 374 512 codicum
398 451 573 534 scriptura:
605 453 662 530 ,ut
694 448 804 514 uulla“
837 448 893 528 (G,
927 449 967 527 Ε,
1001 447 1046 533 ll)
1080 447 1224 515 adducor

94 530 302 597 dissimulare
325 533 407 601 nolo.
452 536 545 602 Haec
567 536 669 620 igitur
687 555 740 598 me
769 532 900 617 quidem
925 534 1033 600 iudice
1057 533 1224 601 Ciceronis

93 623 189 683 sunt:
212 638 295 700 quae
318 619 450 701 quidem
468 628 563 688 tauta
581 630 639 698 est,
662 619 842 685 utnulla
865 641 1042 703 unquam
1065 619 1223 686 oblivio

93 703 187 769 eius
221 701 385 772 laudem
418 708 700 774 obscuratura
734 707 803 771 sit:
837 726 926 771 nam
957 713 1001 770 ut
1033 707 1223 788 tropaeis

94 795 135 854 ct
156 811 186 871 q.
210 810 283 855 sec.
328 789 370 857 In
404 794 490 859 hauc
523 794 744 861 coniecturam
777 790 877 856 incidi
913 790 1128 856 similitudine
1161 791 1224 857 loci

94 873 223 954 ductus,
254 875 310 959 qui
342 879 511 944 invenitur
542 882 578 945 in
611 879 697 946 Plin.
731 899 805 961 pan.
833 881 883 941 55.
930 877 1057 955 ,Arcus
1079 878 1165 943 enim
1190 885 1224 943 et

94 967 229 1040 statuas,
253 983 326 1028 aras
348 965 446 1030 etiam
469 966 653 1050 templaque
673 963 846 1029 demolitur
864 969 897 1028 et
907 963 1060 1030 obscurat
1071 962 1220 1029 oblivio.“

94 1046 210 1130 Neque
232 1048 320 1113 enim
343 1055 465 1117 temere
487 1051 571 1116 mihi
593 1070 721 1117 sumere
745 1048 888 1127 videbar,
919 1049 1008 1115 huuc
1030 1050 1222 1131 scriptorem

95 1132 258 1224 hocloco,
277 1133 358 1201 haec
380 1136 548 1203 Ciceronis
571 1137 670 1203 verba
693 1142 768 1200 autc
790 1135 900 1201 oculos
922 1135 1074 1201 habuisse
1096 1144 1128 1199 et
1148 1136 1222 1200 imi·

95 1224 201 1284 tatum
224 1240 304 1284 esse.
350 1220 387 1288 Si
410 1230 519 1288 autem
542 1223 704 1301 lacunam,
728 1241 810 1305 quae
838 1220 908 1286 sine
927 1220 1025 1286 dubio
1048 1221 1224 1286 statuendo

95 1309 154 1378 est,
177 1304 267 1369 huno
295 1307 330 1371 in
351 1308 485 1374 modum
518 1309 711 1392 expleveris,
741 1307 908 1390 aptissime
941 1326 1023 1390 quae
1057 1313 1222 1387 secuntur,

94 1389 297 1456 videbuntur
319 1395 459 1460 annecti.
503 1395 656 1460 Alterum
677 1393 766 1459 enim
797 1396 883 1471 ,ut“,
913 1392 999 1475 quod
1029 1392 1223 1459 vocabulum

97 1476 277 1560 „tropaeis“
298 1478 471 1558 antecedit,
484 1481 747 1547 coniunctionem
759 1479 991 1556 concessivam,
1004 1499 1102 1560 quam
1113 1499 1222 1561 gram·

95 1561 207 1627 matici
229 1565 406 1647 appellant,
428 1587 499 1632 esse
521 1567 626 1650 primo
649 1566 765 1632 obtutu
784 1564 953 1647 intelliget,
985 1564 1040 1648 qui
1063 1564 1223 1630 rationem

95 1648 261 1718 enuntiati
283 1652 436 1734 proximi,
459 1653 583 1735 quoda
611 1651 773 1735 particula
798 1657 869 1728 „at“
894 1649 1018 1732 incipit,
1040 1655 1127 1714 recte
1150 1672 1222 1732 per·

96 1735 249 1817 spexerit.
299 1736 392 1804 Haec
420 1739 523 1822 igitur
556 1747 686 1821 recepta
717 1738 778 1803 hac
811 1732 1037 1801 emendatione
1067 1735 1224 1801 existeret

96 1822 267 1887 sententia.
314 1823 395 1900 „Boi
418 1824 522 1890 dieser
544 1825 631 1890 'Phat
656 1824 733 1890 aber
750 1823 816 1889 bist
837 1822 880 1888 du
890 1822 1022 1888 Fiihrer
1034 1820 1101 1886 und
1112 1821 1222 1888 'Pheil-

95 1907 233 1972 uehmer
254 1908 413 1993 augleich,
436 1909 504 1976 und
526 1933 615 1977 zwar
636 1909 680 1976 ist
702 1909 842 1976 dieselbe
870 1930 906 1975 so
938 1929 1040 1991 gross,
1070 1907 1145 1973 dass
1175 1908 1222 1973 sie

94 1992 234 2058 niemals
266 1992 301 2058 in
337 1993 591 2080 Vergesseuheit
623 1996 799 2062 versinlren
835 1992 933 2059 wird:
968 1994 1067 2059 Denn
1098 2000 1223 2078 gesetct

95 2077 191 2157 auch,
210 2077 286 2145 dass
308 2079 360 2144 die
383 2082 456 2147 Zcit
478 2082 573 2147 deine
585 2081 834 2167 Siegesaeichen
853 2078 920 2144 und
932 2077 1137 2144 Denlrm'eilcr
1149 2100 1222 2146 ver-

96 2163 229 2230 nichten
254 2165 335 2231 wird
359 2168 460 2246 (denn
483 2189 517 2234 ee
535 2167 625 2252 giebt
646 2167 754 2234 nichts
778 2188 840 2232 von
865 2164 1139 2231 Menschenhand
1167 2187 1221 2249 ge·

95 2250 216 2331 macht,
240 2273 308 2318 was
329 2253 424 2320 nicht
444 2254 565 2319 einmcl
588 2275 663 2321 vom
681 2253 774 2318 Zahn
798 2252 856 2317 der
877 2251 950 2316 Zeit
972 2259 1137 2335 angcnagt
1153 2251 1222 2316 und

95 2336 247 2401 vercehrt
264 2339 401 2422 wiirde),
425 2361 460 2405 eo
494 2339 578 2407 wird
611 2339 694 2406 doch
727 2338 815 2404 diosc
846 2337 940 2402 deinc
970 2336 1223 2421 Gerechtiglreit

94 2421 163 2486 und
181 2423 284 2488 Milde
306 2424 430 2508 teglich
453 2426 548 2491 mehr
575 2426 836 2510 hervorgliinaen
859 2423 926 2488 und
948 2443 1035 2502 awar
1063 2443 1107 2501 so,
1137 2423 1222 2502 dass,

94 2529 164 2575 was
182 2507 234 2573 die
255 2510 372 2594 Lange
395 2511 453 2576 der
475 2512 548 2577 Zeit
577 2512 694 2578 deineu
725 2507 940 2593 (siohtbareu)
969 2507 1119 2574 Werkcn
1149 2515 1221 2574 ent·

95 2593 203 2672 reisst,
223 2595 271 2660 sic
294 2595 424 2662 deinem
441 2598 575 2663 Ruhme
597 2598 734 2682 aulegen
756 2595 868 2664 wird.“
893 2633 933 2641 —

182 2679 455 2762 Quaeritstamen
477 2683 631 2763 Wolfius,
655 2683 761 2767 qualis
784 2684 847 2748 ista
870 2687 1036 2746 structura
1057 2679 1112 2744 sit:
1139 2681 1222 2758 „Lc-

93 2765 181 2831 nitas
201 2773 259 2832 tua
280 2769 428 2851 florescit⁵
443 2769 587 2852 quotidie
604 2770 710 2854 magis
728 2770 775 2834 ita
797 2775 887 2833 ut-
900 2768 1015 2832 afferat
1036 2763 1219 2835 laudibus.“

93 2850 147 2916 Ad
171 2852 250 2919 haec
273 2854 329 2920 vix
351 2856 518 2939 estsquod
548 2855 912 2938 respondeamussoum
935 2851 1059 2918 codices
1082 2850 1114 2915 G
1137 2857 1171 2916 et
1193 2850 1219 2914 E

92 2945 127 3002 ct
144 2938 337 3005 Lactantius
359 2947 530 3021 testentur,
554 2942 745 3008 Ciceronem
767 2962 833 3006 non
859 2942 1042 3018 ‚‚florescct“
1063 2935 1119 3003 sed
1145 2938 1221 3014 „flo-

93 3023 210 3089 rescitr
236 3027 412 3108 scripsisse,
436 3027 470 3092 id
492 3028 577 3111 quod
600 3027 704 3092 multo
726 3027 832 3110 magis
858 3026 894 3089 in
925 3023 1119 3089 sententiam
1142 3043 1221 3105 qua-

94 3108 175 3173 drat.
221 3110 355 3178 Scilicet
374 3113 461 3179 inest
482 3111 538 3178 in'
548 3113 708 3180 eiusmodi
733 3113 843 3179 verbis
872 3111 938 3174 iam
969 3107 1126 3193 quaedam
1151 3109 1220 3187 „lu-

93 3194 179 3260 turi“
222 3197 320 3276 notio,
357 3199 404 3266 ita
437 3205 474 3264 ut
505 3200 607 3264 futuri
639 3199 745 3265 forma
777 3220 842 3263 nou
871 3218 953 3278 opus
984 3196 1035 3260 sit.
1094 3193 1220 3258 Eodem

92 3279 671 3368 modoJadhibuit'soriptor‘v'erbum
689 3280 1140 3362 ‚,enitcsceudi“‡adHerenn.
1158 3278 1219 3344 IV.

94 3369 145 3431 ot.
171 3370 301 3445 „amisit
330 3372 482 3448 animam,
509 3371 661 3454 (Decius)
682 3370 805 3455 potitus
827 3375 878 3434 est
901 3367 1014 3451 gloria,
1038 3387 1120 3448 quae
1146 3387 1220 3430 cum

93 3473 223 3519 summa
244 3454 340 3520 laude
362 3457 490 3538 prodita
518 3457 662 3539 quotidie
683 3457 788 3540 magis
818 3454 1004 3535 enitescit“;
1033 3450 1117 3535 quod
1145 3472 1219 3534 gra-

92 3537 167 3605 vius
200 3545 259 3619 cst,
294 3563 391 3623 quam
427 3544 455 3608 si
488 3543 671 3625 scripsisset
704 3542 908 3620 ‚,enitescet“.
958 3539 1080 3602 Forma
1111 3544 1219 3602 autem

95 3623 295 3704 ‚,florescet“‚
342 3635 380 3692 ut
416 3628 477 3694 hoc
516 3627 644 3706 addam,
684 3629 754 3693 sinc
793 3626 890 3692 dubio
935 3625 1072 3690 debetur
1112 3644 1219 3687 emen·

93 3706 193 3774 dandi
215 3712 323 3777 studio
344 3712 478 3788 librarii,
513 3715 568 3796 qui
601 3713 701 3779 verbo
736 3713 924 3790 ,detrahet“
961 3709 1113 3774 seductus
1146 3729 1217 3789 per-

91 3815 206 3877 peram
225 3817 306 3875 eam,
330 3820 427 3881 quam
449 3798 726 3864 iuvenitformam
749 3798 900 3863 mutavit.
946 3795 1002 3861 Sic
1020 3794 1218 3876 plerumque,

91 3880 177 3963 quod
199 3881 323 3948 librarii
347 3884 564 3968 deliquerunt,
588 3886 743 3950 orationis
766 3890 878 3950 auctor
899 3903 919 3946 a
941 3882 1010 3946 viro
1029 3879 1218 3962 doctoplec-

92 3966 182 4031 titur.
227 3968 341 4047 Miror,
364 3969 449 4052 quod
471 3973 494 4054 ξ.
521 3974 568 4034 12.
614 3970 765 4048 Wolfius,
784 3970 840 4051 qui
857 3967 1218 4033 studiosissimcomnes

91 4053 275 4136 carpendae
296 4055 452 4121 orationis
473 4057 656 4122 occasiones
668 4056 845 4138 conquirat,
858 4053 1049 4120 vocabulum
1065 4050 1216 4128 „auditu“

91 4137 253 4203 intactum
282 4140 421 4223 reliquit.
476 4143 639 4207 Patricius
672 4140 804 4206 exhibet
840 4140 1035 4217 „auditum“,
1068 4136 1153 4220 quod
1185 4144 1218 4201 et

91 4222 174 4290 mihi
196 4226 302 4311 magis
325 4226 457 4307 arridet,
480 4248 553 4293 cum
578 4227 685 4310 aptius
707 4225 904 4310 respondeat
926 4226 981 4306 cis,
1002 4245 1084 4308 quae
1106 4246 1218 4290 secun-
