<?xml version="1.0" encoding="UTF-8"?>
<!DOCTYPE html PUBLIC "-//W3C//DTD XHTML 1.0 Transitional//EN"
    "http://www.w3.org/TR/xhtml1/DTD/xhtml1-transitional.dtd">
<html xmlns="http://www.w3.org/1999/xhtml" xml:lang="en" lang="en">
 <head>
  <title>
</title>
<meta http-equiv="Content-Type" content="text/html;charset=utf-8" />
  <meta name='ocr-system' content='tesseract 3.04.00' />
  <meta name='ocr-capabilities' content='ocr_page ocr_carea ocr_par ocr_line ocrx_word'/>
</head>
<body>
  <div class='ocr_page' id='page_1' title='image "./orationempronma00hahngoog_0014.png"; bbox 0 0 2820 4822; ppageno 0'>
   <div class='ocr_carea' id='block_1_1' title="bbox 621 300 790 361">
    <p class='ocr_par' dir='ltr' id='par_1_1' title="bbox 621 300 790 361">
     <span class='ocr_line' id='line_1_1' title="bbox 621 300 790 361; baseline 0 -15"><span class='ocrx_word' id='word_1_1' title='bbox 621 300 790 361; x_wconf 65' lang='lat'>..11-</span> 
     </span>
    </p>
   </div>
   <div class='ocr_carea' id='block_1_2' title="bbox 139 467 1285 4333">
    <p class='ocr_par' dir='ltr' id='par_1_2' title="bbox 139 467 1285 4333">
     <span class='ocr_line' id='line_1_2' title="bbox 141 467 1271 555; baseline -0.004 -19"><span class='ocrx_word' id='word_1_2' title='bbox 141 470 245 555; x_wconf 90' lang='lat' dir='ltr'><strong>quod,</strong></span> <span class='ocrx_word' id='word_1_3' title='bbox 276 469 548 553; x_wconf 88' lang='lat' dir='ltr'><strong>quemadmodum</strong></span> <span class='ocrx_word' id='word_1_4' title='bbox 572 491 610 536; x_wconf 93' lang='lat' dir='ltr'><strong>ea</strong></span> <span class='ocrx_word' id='word_1_5' title='bbox 639 492 691 536; x_wconf 91' lang='lat' dir='ltr'><strong>res</strong></span> <span class='ocrx_word' id='word_1_6' title='bbox 721 476 887 554; x_wconf 79' lang='lat' dir='ltr'>ageretur,</span> <span class='ocrx_word' id='word_1_7' title='bbox 919 467 1072 534; x_wconf 84' lang='lat' dir='ltr'><strong>vidimus.</strong></span> <span class='ocrx_word' id='word_1_8' title='bbox 1115 467 1201 532; x_wconf 90' lang='lat' dir='ltr'><strong>Nam</strong></span> <span class='ocrx_word' id='word_1_9' title='bbox 1224 467 1271 533; x_wconf 90' lang='lat' dir='ltr'><strong>sic</strong></span> 
     </span>
     <span class='ocr_line' id='line_1_3' title="bbox 140 552 1270 640; baseline -0.004 -19"><span class='ocrx_word' id='word_1_10' title='bbox 140 557 195 622; x_wconf 83' lang='lat' dir='ltr'><strong>fae</strong></span> <span class='ocrx_word' id='word_1_11' title='bbox 216 557 399 622; x_wconf 79' lang='lat' dir='ltr'><strong>existimes:</strong></span> <span class='ocrx_word' id='word_1_12' title='bbox 422 555 577 640; x_wconf 89' lang='lat' dir='ltr'><strong>posthae</strong></span> <span class='ocrx_word' id='word_1_13' title='bbox 598 556 748 621; x_wconf 81' lang='lat' dir='ltr'><strong>miserias</strong></span> <span class='ocrx_word' id='word_1_14' title='bbox 767 608 773 620; x_wconf 95' lang='lat'>.</span> <span class='ocrx_word' id='word_1_15' title='bbox 792 607 799 620; x_wconf 92' lang='lat'><strong>.</strong></span> <span class='ocrx_word' id='word_1_16' title='bbox 819 605 827 620; x_wconf 85' lang='lat'><strong>.</strong></span> <span class='ocrx_word' id='word_1_17' title='bbox 850 555 931 620; x_wconf 91' lang='lat' dir='ltr'><strong>nihil</strong></span> <span class='ocrx_word' id='word_1_18' title='bbox 954 575 1026 619; x_wconf 91' lang='lat' dir='ltr'><strong>esse</strong></span> <span class='ocrx_word' id='word_1_19' title='bbox 1049 563 1157 618; x_wconf 90' lang='lat' dir='ltr'><strong>aetum</strong></span> <span class='ocrx_word' id='word_1_20' title='bbox 1180 552 1270 617; x_wconf 91' lang='lat' dir='ltr'><strong>aliud</strong></span> 
     </span>
     <span class='ocr_line' id='line_1_4' title="bbox 139 639 1270 725; baseline -0.004 -19"><span class='ocrx_word' id='word_1_21' title='bbox 139 662 217 707; x_wconf 92' lang='lat' dir='ltr'><strong>eum</strong></span> <span class='ocrx_word' id='word_1_22' title='bbox 251 641 435 725; x_wconf 84' lang='lat' dir='ltr'><strong>dignitate&#39;</strong></span> <span class='ocrx_word' id='word_1_23' title='bbox 472 642 557 707; x_wconf 90' lang='lat' dir='ltr'><strong>Nam</strong></span> <span class='ocrx_word' id='word_1_24' title='bbox 585 648 620 706; x_wconf 91' lang='lat' dir='ltr'><strong>et</strong></span> <span class='ocrx_word' id='word_1_25' title='bbox 651 642 720 724; x_wconf 90' lang='lat' dir='ltr'><strong>ipse</strong></span> <span class='ocrx_word' id='word_1_26' title='bbox 751 641 881 719; x_wconf 89' lang='lat' dir='ltr'><strong>Caesar,</strong></span> <span class='ocrx_word' id='word_1_27' title='bbox 913 648 1063 706; x_wconf 87' lang='lat' dir='ltr'><strong>accusata</strong></span> <span class='ocrx_word' id='word_1_28' title='bbox 1095 639 1270 704; x_wconf 76' lang='lat' dir='ltr'><strong>acerbitate</strong></span> 
     </span>
     <span class='ocr_line' id='line_1_5' title="bbox 140 725 1271 812; baseline -0.005 -19"><span class='ocrx_word' id='word_1_29' title='bbox 140 728 290 794; x_wconf 80' lang='lat' dir='ltr'><strong>Marcelli</strong></span> <span class='ocrx_word' id='word_1_30' title='bbox 314 729 376 803; x_wconf 86' lang='lat' dir='ltr'><strong>(sic</strong></span> <span class='ocrx_word' id='word_1_31' title='bbox 397 729 484 793; x_wconf 86' lang='lat' dir='ltr'><strong>eninr</strong></span> <span class='ocrx_word' id='word_1_32' title='bbox 508 726 705 812; x_wconf 89' lang='lat' dir='ltr'><strong>appellabat)</strong></span> <span class='ocrx_word' id='word_1_33' title='bbox 727 727 923 810; x_wconf 87' lang='lat' dir='ltr'><strong>laudataque</strong></span> <span class='ocrx_word' id='word_1_34' title='bbox 947 725 1271 790; x_wconf 87' lang='lat' dir='ltr'><strong>honorificentissime</strong></span> 
     </span>
     <span class='ocr_line' id='line_1_6' title="bbox 140 809 1285 897; baseline -0.004 -19"><span class='ocrx_word' id='word_1_35' title='bbox 140 821 177 878; x_wconf 88' lang='lat' dir='ltr'><strong>et</strong></span> <span class='ocrx_word' id='word_1_36' title='bbox 199 813 362 897; x_wconf 81' lang='lat' dir='ltr'><strong>aequitate</strong></span> <span class='ocrx_word' id='word_1_37' title='bbox 390 821 448 879; x_wconf 86' lang='lat' dir='ltr'><strong>tue</strong></span> <span class='ocrx_word' id='word_1_38' title='bbox 478 823 510 876; x_wconf 88' lang='lat' dir='ltr'><strong>et</strong></span> <span class='ocrx_word' id='word_1_39' title='bbox 538 814 727 896; x_wconf 88' lang='lat' dir='ltr'><strong>prudentia,</strong></span> <span class='ocrx_word' id='word_1_40' title='bbox 757 822 891 896; x_wconf 87' lang='lat' dir='ltr'><strong>repente</strong></span> <span class='ocrx_word' id='word_1_41' title='bbox 913 821 1042 896; x_wconf 86' lang='lat' dir='ltr'><strong>praeter</strong></span> <span class='ocrx_word' id='word_1_42' title='bbox 1064 832 1154 894; x_wconf 90' lang='lat' dir='ltr'><strong>spem</strong></span> <span class='ocrx_word' id='word_1_43' title='bbox 1178 809 1285 885; x_wconf 80' lang='lat' dir='ltr'><strong>dixit,</strong></span> 
     </span>
     <span class='ocr_line' id='line_1_7' title="bbox 141 895 1271 982; baseline -0.004 -17"><span class='ocrx_word' id='word_1_44' title='bbox 141 920 179 965; x_wconf 92' lang='lat' dir='ltr'><strong>se</strong></span> <span class='ocrx_word' id='word_1_45' title='bbox 200 900 345 978; x_wconf 89' lang='lat' dir='ltr'><strong>senatui,</strong></span> <span class='ocrx_word' id='word_1_46' title='bbox 373 900 504 982; x_wconf 79' lang='lat' dir='ltr'><strong>roganti</strong></span> <span class='ocrx_word' id='word_1_47' title='bbox 532 898 572 964; x_wconf 91' lang='lat' dir='ltr'><strong>de</strong></span> <span class='ocrx_word' id='word_1_48' title='bbox 596 899 750 964; x_wconf 89' lang='lat' dir='ltr'><strong>Marcello</strong></span> <span class='ocrx_word' id='word_1_49' title='bbox 774 921 815 964; x_wconf 93' lang='lat' dir='ltr'><strong>ne</strong></span> <span class='ocrx_word' id='word_1_50' title='bbox 842 898 984 963; x_wconf 89' lang='lat' dir='ltr'><strong>heminis</strong></span> <span class='ocrx_word' id='word_1_51' title='bbox 1013 895 1144 980; x_wconf 91' lang='lat' dir='ltr'><strong>quidem</strong></span> <span class='ocrx_word' id='word_1_52' title='bbox 1173 915 1271 962; x_wconf 88' lang='lat' dir='ltr'><strong>eausa</strong></span> 
     </span>
     <span class='ocr_line' id='line_1_8' title="bbox 141 982 1271 1069; baseline -0.003 -20"><span class='ocrx_word' id='word_1_53' title='bbox 141 993 349 1069; x_wconf 82' lang='lat' dir='ltr'><strong>negaturum.</strong></span> <span class='ocrx_word' id='word_1_54' title='bbox 382 986 522 1052; x_wconf 81' lang='lat' dir='ltr'><strong>Fecerat</strong></span> <span class='ocrx_word' id='word_1_55' title='bbox 539 995 649 1050; x_wconf 90' lang='lat' dir='ltr'><strong>autem</strong></span> <span class='ocrx_word' id='word_1_56' title='bbox 667 985 729 1050; x_wconf 92' lang='lat' dir='ltr'><strong>hoc</strong></span> <span class='ocrx_word' id='word_1_57' title='bbox 752 994 884 1050; x_wconf 86' lang='lat' dir='ltr'><strong>senatus</strong></span> <span class='ocrx_word' id='word_1_58' title='bbox 906 992 951 1059; x_wconf 91' lang='lat' dir='ltr'><strong>ut,</strong></span> <span class='ocrx_word' id='word_1_59' title='bbox 975 1003 1049 1048; x_wconf 90' lang='lat' dir='ltr'><strong>cum</strong></span> <span class='ocrx_word' id='word_1_60' title='bbox 1068 983 1138 1047; x_wconf 86' lang='lat' dir='ltr'><strong>aL.</strong></span> <span class='ocrx_word' id='word_1_61' title='bbox 1152 982 1271 1048; x_wconf 86' lang='lat' dir='ltr'><strong>Pisone</strong></span> 
     </span>
     <span class='ocr_line' id='line_1_9' title="bbox 140 1065 1272 1146; baseline -0.004 -11"><span class='ocrx_word' id='word_1_62' title='bbox 140 1072 265 1136; x_wconf 89' lang='lat' dir='ltr'><strong>mentio</strong></span> <span class='ocrx_word' id='word_1_63' title='bbox 289 1083 375 1136; x_wconf 86' lang='lat' dir='ltr'><strong>esset</strong></span> <span class='ocrx_word' id='word_1_64' title='bbox 396 1070 482 1137; x_wconf 88' lang='lat' dir='ltr'><strong>faeta</strong></span> <span class='ocrx_word' id='word_1_65' title='bbox 504 1070 543 1135; x_wconf 91' lang='lat' dir='ltr'><strong>de</strong></span> <span class='ocrx_word' id='word_1_66' title='bbox 565 1071 732 1146; x_wconf 88' lang='lat' dir='ltr'><strong>Marcelle,</strong></span> <span class='ocrx_word' id='word_1_67' title='bbox 762 1081 890 1136; x_wconf 91' lang='lat' dir='ltr'><strong>etcum</strong></span> <span class='ocrx_word' id='word_1_68' title='bbox 913 1069 950 1135; x_wconf 87' lang='lat' dir='ltr'><strong>C.</strong></span> <span class='ocrx_word' id='word_1_69' title='bbox 975 1068 1151 1135; x_wconf 80' lang='lat' dir='ltr'><strong>Marcellus</strong></span> <span class='ocrx_word' id='word_1_70' title='bbox 1174 1090 1208 1133; x_wconf 90' lang='lat' dir='ltr'><strong>se</strong></span> <span class='ocrx_word' id='word_1_71' title='bbox 1231 1065 1272 1132; x_wconf 91' lang='lat' dir='ltr'><strong>ad</strong></span> 
     </span>
     <span class='ocr_line' id='line_1_10' title="bbox 141 1154 1271 1240; baseline -0.004 -17"><span class='ocrx_word' id='word_1_72' title='bbox 141 1155 294 1223; x_wconf 87' lang='lat' dir='ltr'><strong>Caesaris</strong></span> <span class='ocrx_word' id='word_1_73' title='bbox 317 1155 414 1240; x_wconf 89' lang='lat' dir='ltr'><strong>pedes</strong></span> <span class='ocrx_word' id='word_1_74' title='bbox 443 1157 622 1234; x_wconf 86' lang='lat' dir='ltr'><strong>abiecisset,</strong></span> <span class='ocrx_word' id='word_1_75' title='bbox 653 1169 789 1222; x_wconf 88' lang='lat' dir='ltr'><strong>cunctus</strong></span> <span class='ocrx_word' id='word_1_76' title='bbox 819 1162 1038 1240; x_wconf 79' lang='lat' dir='ltr'><strong>consurgeret,</strong></span> <span class='ocrx_word' id='word_1_77' title='bbox 1069 1164 1102 1218; x_wconf 90' lang='lat' dir='ltr'><strong>et</strong></span> <span class='ocrx_word' id='word_1_78' title='bbox 1125 1154 1165 1218; x_wconf 88' lang='lat' dir='ltr'><strong>ad</strong></span> <span class='ocrx_word' id='word_1_79' title='bbox 1190 1154 1271 1219; x_wconf 88' lang='lat' dir='ltr'><strong>Cae·</strong></span> 
     </span>
     <span class='ocr_line' id='line_1_11' title="bbox 141 1239 1273 1326; baseline -0.005 -17"><span class='ocrx_word' id='word_1_80' title='bbox 141 1264 250 1309; x_wconf 89' lang='lat' dir='ltr'><strong>sarem</strong></span> <span class='ocrx_word' id='word_1_81' title='bbox 274 1243 413 1326; x_wconf 83' lang='lat' dir='ltr'><strong>supplex</strong></span> <span class='ocrx_word' id='word_1_82' title='bbox 435 1242 611 1309; x_wconf 90' lang='lat' dir='ltr'><strong>accederet.</strong></span> <span class='ocrx_word' id='word_1_83' title='bbox 657 1242 731 1318; x_wconf 88' lang='lat' dir='ltr'><strong>Noli</strong></span> <span class='ocrx_word' id='word_1_84' title='bbox 754 1263 924 1325; x_wconf 87' lang='lat' dir='ltr'><strong>quaerere:</strong></span> <span class='ocrx_word' id='word_1_85' title='bbox 953 1243 1001 1306; x_wconf 89' lang='lat' dir='ltr'><strong>ita</strong></span> <span class='ocrx_word' id='word_1_86' title='bbox 1023 1240 1105 1305; x_wconf 88' lang='lat' dir='ltr'><strong>mihi</strong></span> <span class='ocrx_word' id='word_1_87' title='bbox 1135 1239 1273 1322; x_wconf 92' lang='lat' dir='ltr'><strong>pulcher</strong></span> 
     </span>
     <span class='ocr_line' id='line_1_12' title="bbox 142 1325 1272 1411; baseline -0.003 -19"><span class='ocrx_word' id='word_1_88' title='bbox 142 1327 197 1394; x_wconf 92' lang='lat' dir='ltr'><strong>hio</strong></span> <span class='ocrx_word' id='word_1_89' title='bbox 219 1329 288 1393; x_wconf 91' lang='lat' dir='ltr'><strong>dies</strong></span> <span class='ocrx_word' id='word_1_90' title='bbox 311 1330 401 1394; x_wconf 90' lang='lat' dir='ltr'><strong>visus</strong></span> <span class='ocrx_word' id='word_1_91' title='bbox 423 1338 482 1406; x_wconf 91' lang='lat' dir='ltr'><strong>est,</strong></span> <span class='ocrx_word' id='word_1_92' title='bbox 507 1337 542 1393; x_wconf 91' lang='lat' dir='ltr'><strong>ut</strong></span> <span class='ocrx_word' id='word_1_93' title='bbox 563 1329 705 1410; x_wconf 86' lang='lat' dir='ltr'><strong>speeiem</strong></span> <span class='ocrx_word' id='word_1_94' title='bbox 728 1328 870 1411; x_wconf 88' lang='lat' dir='ltr'><strong>aliquam</strong></span> <span class='ocrx_word' id='word_1_95' title='bbox 894 1327 1023 1393; x_wconf 91' lang='lat' dir='ltr'><strong>viderer</strong></span> <span class='ocrx_word' id='word_1_96' title='bbox 1045 1325 1157 1391; x_wconf 91' lang='lat' dir='ltr'><strong>videre</strong></span> <span class='ocrx_word' id='word_1_97' title='bbox 1180 1325 1272 1408; x_wconf 90' lang='lat' dir='ltr'><strong>quasi</strong></span> 
     </span>
     <span class='ocr_line' id='line_1_13' title="bbox 141 1414 1273 1498; baseline -0.003 -19"><span class='ocrx_word' id='word_1_98' title='bbox 141 1415 370 1480; x_wconf 84' lang='lat' dir='ltr'><strong>reviviscentis</strong></span> <span class='ocrx_word' id='word_1_99' title='bbox 398 1414 607 1498; x_wconf 89' lang='lat' dir='ltr'><strong>reipublicae.</strong></span> <span class='ocrx_word' id='word_1_100' title='bbox 652 1414 783 1497; x_wconf 86' lang='lat' dir='ltr'><strong>Itaque,</strong></span> <span class='ocrx_word' id='word_1_101' title='bbox 814 1436 889 1479; x_wconf 91' lang='lat' dir='ltr'><strong>cum</strong></span> <span class='ocrx_word' id='word_1_102' title='bbox 912 1433 1025 1478; x_wconf 90' lang='lat' dir='ltr'><strong>omnes</strong></span> <span class='ocrx_word' id='word_1_103' title='bbox 1046 1421 1122 1477; x_wconf 89' lang='lat' dir='ltr'><strong>ante</strong></span> <span class='ocrx_word' id='word_1_104' title='bbox 1144 1431 1197 1476; x_wconf 93' lang='lat' dir='ltr'><strong>me</strong></span> <span class='ocrx_word' id='word_1_105' title='bbox 1221 1433 1273 1476; x_wconf 94' lang='lat' dir='ltr'><strong>ro·</strong></span> 
     </span>
     <span class='ocr_line' id='line_1_14' title="bbox 141 1497 1273 1585; baseline -0.003 -21"><span class='ocrx_word' id='word_1_106' title='bbox 141 1501 211 1584; x_wconf 89' lang='lat' dir='ltr'><strong>gati</strong></span> <span class='ocrx_word' id='word_1_107' title='bbox 239 1501 361 1585; x_wconf 88' lang='lat' dir='ltr'><strong>gratias</strong></span> <span class='ocrx_word' id='word_1_108' title='bbox 392 1499 527 1568; x_wconf 81' lang='lat' dir='ltr'><strong>Caesari</strong></span> <span class='ocrx_word' id='word_1_109' title='bbox 552 1501 711 1583; x_wconf 84' lang='lat' dir='ltr'><strong>egissent,</strong></span> <span class='ocrx_word' id='word_1_110' title='bbox 742 1511 871 1582; x_wconf 91' lang='lat' dir='ltr'><strong>praeter</strong></span> <span class='ocrx_word' id='word_1_111' title='bbox 903 1499 1087 1563; x_wconf 90' lang='lat' dir='ltr'><strong>Volcatium</strong></span> <span class='ocrx_word' id='word_1_112' title='bbox 1115 1499 1156 1577; x_wconf 87' lang='lat' dir='ltr'><strong>(is</strong></span> <span class='ocrx_word' id='word_1_113' title='bbox 1184 1497 1273 1562; x_wconf 91' lang='lat' dir='ltr'><strong>enim</strong></span> 
     </span>
     <span class='ocr_line' id='line_1_15' title="bbox 141 1583 1273 1669; baseline -0.005 -17"><span class='ocrx_word' id='word_1_114' title='bbox 141 1587 190 1652; x_wconf 89' lang='lat' dir='ltr'><strong>sie</strong></span> <span class='ocrx_word' id='word_1_115' title='bbox 212 1607 250 1651; x_wconf 92' lang='lat' dir='ltr'><strong>eo</strong></span> <span class='ocrx_word' id='word_1_116' title='bbox 270 1586 340 1652; x_wconf 92' lang='lat' dir='ltr'><strong>loeo</strong></span> <span class='ocrx_word' id='word_1_117' title='bbox 362 1587 497 1669; x_wconf 89' lang='lat' dir='ltr'><strong>negavit</strong></span> <span class='ocrx_word' id='word_1_118' title='bbox 519 1608 553 1651; x_wconf 93' lang='lat' dir='ltr'><strong>se</strong></span> <span class='ocrx_word' id='word_1_119' title='bbox 577 1588 735 1651; x_wconf 85' lang='lat' dir='ltr'><strong>facturum</strong></span> <span class='ocrx_word' id='word_1_120' title='bbox 758 1586 873 1664; x_wconf 85' lang='lat' dir='ltr'><strong>fuisse)</strong></span> <span class='ocrx_word' id='word_1_121' title='bbox 901 1606 962 1669; x_wconf 88' lang='lat' dir='ltr'><strong>ego</strong></span> <span class='ocrx_word' id='word_1_122' title='bbox 990 1592 1124 1667; x_wconf 85' lang='lat' dir='ltr'><strong>rogatus</strong></span> <span class='ocrx_word' id='word_1_123' title='bbox 1146 1583 1273 1647; x_wconf 90' lang='lat' dir='ltr'><strong>mutavi</strong></span> 
     </span>
     <span class='ocr_line' id='line_1_16' title="bbox 141 1667 1272 1755; baseline -0.004 -19"><span class='ocrx_word' id='word_1_124' title='bbox 141 1693 251 1755; x_wconf 90' lang='lat' dir='ltr'><strong>meum</strong></span> <span class='ocrx_word' id='word_1_125' title='bbox 274 1671 456 1738; x_wconf 87' lang='lat' dir='ltr'><strong>eonsilium.</strong></span> <span class='ocrx_word' id='word_1_126' title='bbox 502 1672 588 1736; x_wconf 89' lang='lat' dir='ltr'><strong>Nam</strong></span> <span class='ocrx_word' id='word_1_127' title='bbox 617 1681 810 1750; x_wconf 87' lang='lat' dir='ltr'><strong>statueram,</strong></span> <span class='ocrx_word' id='word_1_128' title='bbox 840 1693 904 1736; x_wconf 94' lang='lat' dir='ltr'><strong>non</strong></span> <span class='ocrx_word' id='word_1_129' title='bbox 927 1670 1114 1736; x_wconf 89' lang='lat' dir='ltr'><strong>mehercule</strong></span> <span class='ocrx_word' id='word_1_130' title='bbox 1143 1667 1272 1745; x_wconf 87' lang='lat' dir='ltr'><strong>inertia,</strong></span> 
     </span>
     <span class='ocr_line' id='line_1_17' title="bbox 141 1756 1271 1841; baseline -0.004 -18"><span class='ocrx_word' id='word_1_131' title='bbox 141 1758 200 1823; x_wconf 89' lang='lat' dir='ltr'><strong>sed</strong></span> <span class='ocrx_word' id='word_1_132' title='bbox 234 1758 393 1823; x_wconf 90' lang='lat' dir='ltr'><strong>desiderio</strong></span> <span class='ocrx_word' id='word_1_133' title='bbox 433 1759 591 1841; x_wconf 87' lang='lat' dir='ltr'><strong>pristinae</strong></span> <span class='ocrx_word' id='word_1_134' title='bbox 624 1756 809 1841; x_wconf 85' lang='lat' dir='ltr'><strong>dignitatis,</strong></span> <span class='ocrx_word' id='word_1_135' title='bbox 850 1759 882 1821; x_wconf 90' lang='lat' dir='ltr'><strong>in</strong></span> <span class='ocrx_word' id='word_1_136' title='bbox 925 1766 1116 1840; x_wconf 90' lang='lat' dir='ltr'><strong>perpetuum</strong></span> <span class='ocrx_word' id='word_1_137' title='bbox 1157 1756 1271 1819; x_wconf 85' lang='lat' dir='ltr'><strong>facere.</strong></span> 
     </span>
     <span class='ocr_line' id='line_1_18' title="bbox 141 1839 1273 1927; baseline -0.005 -19"><span class='ocrx_word' id='word_1_138' title='bbox 141 1844 261 1927; x_wconf 81' lang='lat' dir='ltr'><strong>Fregit</strong></span> <span class='ocrx_word' id='word_1_139' title='bbox 288 1842 349 1908; x_wconf 91' lang='lat' dir='ltr'><strong>hoc</strong></span> <span class='ocrx_word' id='word_1_140' title='bbox 376 1865 486 1909; x_wconf 92' lang='lat' dir='ltr'><strong>meum</strong></span> <span class='ocrx_word' id='word_1_141' title='bbox 514 1843 685 1908; x_wconf 86' lang='lat' dir='ltr'><strong>eonsilium</strong></span> <span class='ocrx_word' id='word_1_142' title='bbox 713 1851 745 1908; x_wconf 90' lang='lat' dir='ltr'><strong>et</strong></span> <span class='ocrx_word' id='word_1_143' title='bbox 775 1843 925 1908; x_wconf 86' lang='lat' dir='ltr'><strong>Caesaris</strong></span> <span class='ocrx_word' id='word_1_144' title='bbox 955 1840 1143 1925; x_wconf 88' lang='lat' dir='ltr'><strong>magnitudo</strong></span> <span class='ocrx_word' id='word_1_145' title='bbox 1173 1839 1273 1904; x_wconf 90' lang='lat' dir='ltr'><strong>animi</strong></span> 
     </span>
     <span class='ocr_line' id='line_1_19' title="bbox 143 1925 1274 2013; baseline -0.004 -19"><span class='ocrx_word' id='word_1_146' title='bbox 143 1936 178 1994; x_wconf 86' lang='lat' dir='ltr'><strong>et</strong></span> <span class='ocrx_word' id='word_1_147' title='bbox 211 1937 344 1995; x_wconf 86' lang='lat' dir='ltr'><strong>senatus</strong></span> <span class='ocrx_word' id='word_1_148' title='bbox 376 1931 526 1994; x_wconf 82' lang='lat' dir='ltr'><strong>officium.</strong></span> <span class='ocrx_word' id='word_1_149' title='bbox 581 1928 699 2012; x_wconf 90' lang='lat' dir='ltr'><strong>Itaque</strong></span> <span class='ocrx_word' id='word_1_150' title='bbox 731 1929 880 2013; x_wconf 86' lang='lat' dir='ltr'><strong>pluribus</strong></span> <span class='ocrx_word' id='word_1_151' title='bbox 912 1929 1021 1993; x_wconf 91' lang='lat' dir='ltr'><strong>verbis</strong></span> <span class='ocrx_word' id='word_1_152' title='bbox 1054 1929 1105 2011; x_wconf 90' lang='lat' dir='ltr'><strong>ogi</strong></span> <span class='ocrx_word' id='word_1_153' title='bbox 1139 1925 1274 1992; x_wconf 80' lang='lat' dir='ltr'><strong>Caesari</strong></span> 
     </span>
     <span class='ocr_line' id='line_1_20' title="bbox 143 2011 1274 2099; baseline -0.004 -20"><span class='ocrx_word' id='word_1_154' title='bbox 143 2016 284 2099; x_wconf 84' lang='lat' dir='ltr'><strong>gratias:</strong></span> <span class='ocrx_word' id='word_1_155' title='bbox 317 2036 434 2097; x_wconf 88' lang='lat' dir='ltr'><strong>meque</strong></span> <span class='ocrx_word' id='word_1_156' title='bbox 463 2026 574 2080; x_wconf 93' lang='lat' dir='ltr'><strong>metuo</strong></span> <span class='ocrx_word' id='word_1_157' title='bbox 599 2038 640 2079; x_wconf 93' lang='lat' dir='ltr'><strong>ne</strong></span> <span class='ocrx_word' id='word_1_158' title='bbox 669 2017 767 2079; x_wconf 87' lang='lat' dir='ltr'><strong>etiam</strong></span> <span class='ocrx_word' id='word_1_159' title='bbox 797 2017 830 2079; x_wconf 91' lang='lat' dir='ltr'><strong>in</strong></span> <span class='ocrx_word' id='word_1_160' title='bbox 864 2016 980 2080; x_wconf 85' lang='lat' dir='ltr'><strong>ceteris</strong></span> <span class='ocrx_word' id='word_1_161' title='bbox 1010 2015 1107 2078; x_wconf 87' lang='lat' dir='ltr'><strong>rebus</strong></span> <span class='ocrx_word' id='word_1_162' title='bbox 1136 2011 1274 2076; x_wconf 91' lang='lat' dir='ltr'><strong>honeste</strong></span> 
     </span>
     <span class='ocr_line' id='line_1_21' title="bbox 143 2095 1273 2184; baseline -0.004 -19"><span class='ocrx_word' id='word_1_163' title='bbox 143 2100 213 2165; x_wconf 89' lang='lat' dir='ltr'><strong>otio</strong></span> <span class='ocrx_word' id='word_1_164' title='bbox 234 2101 451 2184; x_wconf 82' lang='lat' dir='ltr'><strong>privaverim,</strong></span> <span class='ocrx_word' id='word_1_165' title='bbox 480 2099 660 2183; x_wconf 89' lang='lat' dir='ltr'><strong>quoderat</strong></span> <span class='ocrx_word' id='word_1_166' title='bbox 687 2123 790 2165; x_wconf 91' lang='lat' dir='ltr'><strong>unum</strong></span> <span class='ocrx_word' id='word_1_167' title='bbox 821 2100 972 2165; x_wconf 91' lang='lat' dir='ltr'><strong>solatium</strong></span> <span class='ocrx_word' id='word_1_168' title='bbox 997 2100 1030 2164; x_wconf 93' lang='lat' dir='ltr'><strong>iu</strong></span> <span class='ocrx_word' id='word_1_169' title='bbox 1055 2098 1159 2162; x_wconf 91' lang='lat' dir='ltr'><strong>malis.</strong></span> <span class='ocrx_word' id='word_1_170' title='bbox 1205 2095 1273 2162; x_wconf 82' lang='lat' dir='ltr'><strong>Sed</strong></span> 
     </span>
     <span class='ocr_line' id='line_1_22' title="bbox 144 2183 1275 2270; baseline -0.004 -20"><span class='ocrx_word' id='word_1_171' title='bbox 144 2195 265 2266; x_wconf 90' lang='lat' dir='ltr'><strong>tamen,</strong></span> <span class='ocrx_word' id='word_1_172' title='bbox 296 2187 448 2270; x_wconf 89' lang='lat' dir='ltr'><strong>quoniam</strong></span> <span class='ocrx_word' id='word_1_173' title='bbox 472 2187 572 2267; x_wconf 85' lang='lat' dir='ltr'><strong>effugi</strong></span> <span class='ocrx_word' id='word_1_174' title='bbox 595 2188 664 2252; x_wconf 92' lang='lat' dir='ltr'><strong>eius</strong></span> <span class='ocrx_word' id='word_1_175' title='bbox 686 2188 908 2262; x_wconf 82' lang='lat' dir='ltr'><strong>offensionem,</strong></span> <span class='ocrx_word' id='word_1_176' title='bbox 938 2185 994 2267; x_wconf 90' lang='lat' dir='ltr'><strong>qui</strong></span> <span class='ocrx_word' id='word_1_177' title='bbox 1023 2186 1160 2249; x_wconf 89' lang='lat' dir='ltr'><strong>fortasse</strong></span> <span class='ocrx_word' id='word_1_178' title='bbox 1189 2183 1275 2247; x_wconf 90' lang='lat' dir='ltr'><strong>arbi·</strong></span> 
     </span>
     <span class='ocr_line' id='line_1_23' title="bbox 145 2271 1275 2357; baseline -0.004 -21"><span class='ocrx_word' id='word_1_179' title='bbox 145 2280 292 2337; x_wconf 89' lang='lat' dir='ltr'><strong>traretur</strong></span> <span class='ocrx_word' id='word_1_180' title='bbox 323 2293 375 2337; x_wconf 91' lang='lat' dir='ltr'><strong>me</strong></span> <span class='ocrx_word' id='word_1_181' title='bbox 408 2271 492 2339; x_wconf 90' lang='lat' dir='ltr'><strong>hanc</strong></span> <span class='ocrx_word' id='word_1_182' title='bbox 524 2272 761 2357; x_wconf 90' lang='lat' dir='ltr'><strong>rempublicam</strong></span> <span class='ocrx_word' id='word_1_183' title='bbox 791 2292 856 2336; x_wconf 94' lang='lat' dir='ltr'><strong>non</strong></span> <span class='ocrx_word' id='word_1_184' title='bbox 892 2283 1023 2354; x_wconf 90' lang='lat' dir='ltr'><strong>putare,</strong></span> <span class='ocrx_word' id='word_1_185' title='bbox 1057 2271 1083 2334; x_wconf 91' lang='lat' dir='ltr'><strong>si</strong></span> <span class='ocrx_word' id='word_1_186' title='bbox 1117 2278 1275 2352; x_wconf 88' lang='lat' dir='ltr'><strong>perpetuo</strong></span> 
     </span>
     <span class='ocr_line' id='line_1_24' title="bbox 147 2355 1276 2434; baseline -0.003 -13"><span class='ocrx_word' id='word_1_187' title='bbox 147 2367 303 2424; x_wconf 88' lang='lat' dir='ltr'><strong>tacerem:</strong></span> <span class='ocrx_word' id='word_1_188' title='bbox 333 2356 457 2425; x_wconf 88' lang='lat' dir='ltr'><strong>modice</strong></span> <span class='ocrx_word' id='word_1_189' title='bbox 481 2358 542 2424; x_wconf 94' lang='lat' dir='ltr'><strong>hoe</strong></span> <span class='ocrx_word' id='word_1_190' title='bbox 564 2359 678 2425; x_wconf 90' lang='lat' dir='ltr'><strong>faciam</strong></span> <span class='ocrx_word' id='word_1_191' title='bbox 702 2358 879 2424; x_wconf 89' lang='lat' dir='ltr'><strong>autetiam</strong></span> <span class='ocrx_word' id='word_1_192' title='bbox 903 2358 991 2422; x_wconf 90' lang='lat' dir='ltr'><strong>intra</strong></span> <span class='ocrx_word' id='word_1_193' title='bbox 1012 2355 1155 2434; x_wconf 91' lang='lat' dir='ltr'><strong>modum,</strong></span> <span class='ocrx_word' id='word_1_194' title='bbox 1183 2365 1221 2419; x_wconf 91' lang='lat' dir='ltr'><strong>ut</strong></span> <span class='ocrx_word' id='word_1_195' title='bbox 1243 2362 1276 2419; x_wconf 90' lang='lat' dir='ltr'><strong>et</strong></span> 
     </span>
     <span class='ocr_line' id='line_1_25' title="bbox 145 2440 1276 2524; baseline -0.004 -16"><span class='ocrx_word' id='word_1_196' title='bbox 145 2440 236 2510; x_wconf 89' lang='lat' dir='ltr'><strong>illius</strong></span> <span class='ocrx_word' id='word_1_197' title='bbox 262 2443 424 2510; x_wconf 89' lang='lat' dir='ltr'><strong>voluntati</strong></span> <span class='ocrx_word' id='word_1_198' title='bbox 452 2453 485 2509; x_wconf 91' lang='lat' dir='ltr'><strong>et</strong></span> <span class='ocrx_word' id='word_1_199' title='bbox 512 2446 594 2508; x_wconf 89' lang='lat' dir='ltr'><strong>meis</strong></span> <span class='ocrx_word' id='word_1_200' title='bbox 620 2443 738 2511; x_wconf 87' lang='lat' dir='ltr'><strong>studiis</strong></span> <span class='ocrx_word' id='word_1_201' title='bbox 765 2445 936 2510; x_wconf 84' lang='lat' dir='ltr'><strong>serviam.“</strong></span> <span class='ocrx_word' id='word_1_202' title='bbox 984 2441 1082 2524; x_wconf 78' lang='lat' dir='ltr'><strong>Quid,</strong></span> <span class='ocrx_word' id='word_1_203' title='bbox 1112 2440 1276 2506; x_wconf 87' lang='lat' dir='ltr'><strong>nesciebat</strong></span> 
     </span>
     <span class='ocr_line' id='line_1_26' title="bbox 145 2529 1274 2608; baseline -0.003 -14"><span class='ocrx_word' id='word_1_204' title='bbox 145 2530 284 2596; x_wconf 84' lang='lat' dir='ltr'><strong>fortasse</strong></span> <span class='ocrx_word' id='word_1_205' title='bbox 307 2530 358 2595; x_wconf 91' lang='lat' dir='ltr'><strong>vir</strong></span> <span class='ocrx_word' id='word_1_206' title='bbox 379 2529 503 2608; x_wconf 88' lang='lat' dir='ltr'><strong>doctus,</strong></span> <span class='ocrx_word' id='word_1_207' title='bbox 527 2553 602 2597; x_wconf 93' lang='lat' dir='ltr'><strong>eum</strong></span> <span class='ocrx_word' id='word_1_208' title='bbox 624 2531 709 2596; x_wconf 91' lang='lat' dir='ltr'><strong>hanc</strong></span> <span class='ocrx_word' id='word_1_209' title='bbox 731 2533 909 2595; x_wconf 88' lang='lat' dir='ltr'><strong>orationem</strong></span> <span class='ocrx_word' id='word_1_210' title='bbox 933 2529 1101 2594; x_wconf 84' lang='lat' dir='ltr'><strong>Ciceronis</strong></span> <span class='ocrx_word' id='word_1_211' title='bbox 1123 2548 1194 2591; x_wconf 89' lang='lat' dir='ltr'><strong>esse</strong></span> <span class='ocrx_word' id='word_1_212' title='bbox 1216 2547 1274 2591; x_wconf 88' lang='lat' dir='ltr'><strong>ne·</strong></span> 
     </span>
     <span class='ocr_line' id='line_1_27' title="bbox 146 2614 1274 2698; baseline -0.004 -18"><span class='ocrx_word' id='word_1_213' title='bbox 146 2624 250 2698; x_wconf 81' lang='lat' dir='ltr'><strong>garet,</strong></span> <span class='ocrx_word' id='word_1_214' title='bbox 280 2614 341 2682; x_wconf 92' lang='lat' dir='ltr'><strong>hoc</strong></span> <span class='ocrx_word' id='word_1_215' title='bbox 367 2627 434 2680; x_wconf 89' lang='lat' dir='ltr'><strong>tam</strong></span> <span class='ocrx_word' id='word_1_216' title='bbox 457 2614 667 2681; x_wconf 85' lang='lat' dir='ltr'><strong>manifestum</strong></span> <span class='ocrx_word' id='word_1_217' title='bbox 690 2625 820 2680; x_wconf 88' lang='lat' dir='ltr'><strong>exstare</strong></span> <span class='ocrx_word' id='word_1_218' title='bbox 845 2617 947 2698; x_wconf 87' lang='lat' dir='ltr'><strong>ipsius</strong></span> <span class='ocrx_word' id='word_1_219' title='bbox 970 2616 1106 2679; x_wconf 89' lang='lat' dir='ltr'><strong>oratoris</strong></span> <span class='ocrx_word' id='word_1_220' title='bbox 1128 2614 1274 2678; x_wconf 86' lang='lat' dir='ltr'><strong>testimo·</strong></span> 
     </span>
     <span class='ocr_line' id='line_1_28' title="bbox 145 2699 1275 2782; baseline -0.003 -17"><span class='ocrx_word' id='word_1_221' title='bbox 145 2700 262 2765; x_wconf 76' lang='lat' dir='ltr'><strong>nium?</strong></span> <span class='ocrx_word' id='word_1_222' title='bbox 295 2700 401 2766; x_wconf 92' lang='lat' dir='ltr'><strong>Immo</strong></span> <span class='ocrx_word' id='word_1_223' title='bbox 419 2701 501 2766; x_wconf 90' lang='lat' dir='ltr'><strong>bene</strong></span> <span class='ocrx_word' id='word_1_224' title='bbox 522 2701 645 2767; x_wconf 89' lang='lat' dir='ltr'><strong>sciebat</strong></span> <span class='ocrx_word' id='word_1_225' title='bbox 667 2713 700 2765; x_wconf 91' lang='lat' dir='ltr'><strong>et</strong></span> <span class='ocrx_word' id='word_1_226' title='bbox 722 2701 925 2782; x_wconf 85' lang='lat' dir='ltr'><strong>intelligebat</strong></span> <span class='ocrx_word' id='word_1_227' title='bbox 947 2702 1023 2776; x_wconf 88' lang='lat' dir='ltr'><strong>fore,</strong></span> <span class='ocrx_word' id='word_1_228' title='bbox 1047 2709 1094 2776; x_wconf 91' lang='lat' dir='ltr'><strong>ut,</strong></span> <span class='ocrx_word' id='word_1_229' title='bbox 1117 2699 1173 2781; x_wconf 91' lang='lat' dir='ltr'><strong>qui</strong></span> <span class='ocrx_word' id='word_1_230' title='bbox 1195 2718 1275 2763; x_wconf 87' lang='lat' dir='ltr'><strong>suae</strong></span> 
     </span>
     <span class='ocr_line' id='line_1_29' title="bbox 146 2784 1275 2869; baseline -0.002 -18"><span class='ocrx_word' id='word_1_231' title='bbox 146 2787 328 2851; x_wconf 88' lang='lat' dir='ltr'><strong>sententiae</strong></span> <span class='ocrx_word' id='word_1_232' title='bbox 350 2789 529 2852; x_wconf 81' lang='lat' dir='ltr'><strong>existerent</strong></span> <span class='ocrx_word' id='word_1_233' title='bbox 550 2787 730 2852; x_wconf 88' lang='lat' dir='ltr'><strong>adversarii</strong></span> <span class='ocrx_word' id='word_1_234' title='bbox 759 2787 794 2851; x_wconf 92' lang='lat' dir='ltr'><strong>in</strong></span> <span class='ocrx_word' id='word_1_235' title='bbox 820 2787 1022 2851; x_wconf 85' lang='lat' dir='ltr'><strong>defendenda</strong></span> <span class='ocrx_word' id='word_1_236' title='bbox 1043 2785 1153 2869; x_wconf 88' lang='lat' dir='ltr'><strong>priore</strong></span> <span class='ocrx_word' id='word_1_237' title='bbox 1181 2784 1275 2849; x_wconf 91' lang='lat' dir='ltr'><strong>laude</strong></span> 
     </span>
     <span class='ocr_line' id='line_1_30' title="bbox 145 2871 1273 2956; baseline -0.002 -19"><span class='ocrx_word' id='word_1_238' title='bbox 145 2871 236 2937; x_wconf 88' lang='lat' dir='ltr'><strong>illius</strong></span> <span class='ocrx_word' id='word_1_239' title='bbox 269 2872 369 2937; x_wconf 84' lang='lat' dir='ltr'><strong>libelli</strong></span> <span class='ocrx_word' id='word_1_240' title='bbox 402 2873 500 2937; x_wconf 90' lang='lat' dir='ltr'><strong>huius</strong></span> <span class='ocrx_word' id='word_1_241' title='bbox 528 2872 591 2938; x_wconf 92' lang='lat' dir='ltr'><strong>loei</strong></span> <span class='ocrx_word' id='word_1_242' title='bbox 620 2873 813 2938; x_wconf 87' lang='lat' dir='ltr'><strong>auctoritate</strong></span> <span class='ocrx_word' id='word_1_243' title='bbox 839 2874 1044 2956; x_wconf 90' lang='lat' dir='ltr'><strong>potissimum</strong></span> <span class='ocrx_word' id='word_1_244' title='bbox 1079 2871 1273 2935; x_wconf 88' lang='lat' dir='ltr'><strong>niterentur.</strong></span> 
     </span>
     <span class='ocr_line' id='line_1_31' title="bbox 146 2955 1275 3041; baseline -0.004 -19"><span class='ocrx_word' id='word_1_245' title='bbox 146 2958 261 3041; x_wconf 89' lang='lat' dir='ltr'><strong>Itaque</strong></span> <span class='ocrx_word' id='word_1_246' title='bbox 283 2957 464 3024; x_wconf 88' lang='lat' dir='ltr'><strong>cavendum</strong></span> <span class='ocrx_word' id='word_1_247' title='bbox 489 2979 560 3023; x_wconf 90' lang='lat' dir='ltr'><strong>esse</strong></span> <span class='ocrx_word' id='word_1_248' title='bbox 582 2958 675 3035; x_wconf 85' lang='lat' dir='ltr'><strong>dixit,</strong></span> <span class='ocrx_word' id='word_1_249' title='bbox 699 2981 740 3023; x_wconf 94' lang='lat' dir='ltr'><strong>ne</strong></span> <span class='ocrx_word' id='word_1_250' title='bbox 763 2960 834 3041; x_wconf 90' lang='lat' dir='ltr'><strong>quis</strong></span> <span class='ocrx_word' id='word_1_251' title='bbox 853 2958 925 3041; x_wconf 92' lang='lat' dir='ltr'><strong>plus</strong></span> <span class='ocrx_word' id='word_1_252' title='bbox 944 2960 1029 3022; x_wconf 90' lang='lat' dir='ltr'><strong>iusto</strong></span> <span class='ocrx_word' id='word_1_253' title='bbox 1047 2956 1095 3020; x_wconf 93' lang='lat' dir='ltr'><strong>illi</strong></span> <span class='ocrx_word' id='word_1_254' title='bbox 1117 2955 1275 3038; x_wconf 86' lang='lat' dir='ltr'><strong>epistolae</strong></span> 
     </span>
     <span class='ocr_line' id='line_1_32' title="bbox 146 3040 1274 3127; baseline -0.004 -19"><span class='ocrx_word' id='word_1_255' title='bbox 146 3043 319 3121; x_wconf 89' lang='lat' dir='ltr'><strong>tribueret,</strong></span> <span class='ocrx_word' id='word_1_256' title='bbox 352 3044 565 3126; x_wconf 91' lang='lat' dir='ltr'><strong>nequeenim</strong></span> <span class='ocrx_word' id='word_1_257' title='bbox 589 3065 662 3108; x_wconf 88' lang='lat' dir='ltr'><strong>eam</strong></span> <span class='ocrx_word' id='word_1_258' title='bbox 691 3046 736 3108; x_wconf 90' lang='lat' dir='ltr'><strong>ita</strong></span> <span class='ocrx_word' id='word_1_259' title='bbox 764 3051 982 3127; x_wconf 85' lang='lat' dir='ltr'><strong>comparatam</strong></span> <span class='ocrx_word' id='word_1_260' title='bbox 1006 3065 1091 3116; x_wconf 87' lang='lat' dir='ltr'><strong>csse,</strong></span> <span class='ocrx_word' id='word_1_261' title='bbox 1125 3051 1161 3106; x_wconf 90' lang='lat' dir='ltr'><strong>ut</strong></span> <span class='ocrx_word' id='word_1_262' title='bbox 1182 3040 1274 3122; x_wconf 86' lang='lat' dir='ltr'><strong>quid·</strong></span> 
     </span>
     <span class='ocr_line' id='line_1_33' title="bbox 146 3127 1276 3212; baseline -0.002 -18"><span class='ocrx_word' id='word_1_263' title='bbox 146 3151 244 3211; x_wconf 89' lang='lat' dir='ltr'><strong>quam</strong></span> <span class='ocrx_word' id='word_1_264' title='bbox 267 3129 432 3212; x_wconf 87' lang='lat' dir='ltr'><strong>probaret,</strong></span> <span class='ocrx_word' id='word_1_265' title='bbox 463 3151 537 3194; x_wconf 92' lang='lat' dir='ltr'><strong>eum</strong></span> <span class='ocrx_word' id='word_1_266' title='bbox 565 3130 600 3193; x_wconf 93' lang='lat' dir='ltr'><strong>in</strong></span> <span class='ocrx_word' id='word_1_267' title='bbox 628 3150 667 3193; x_wconf 89' lang='lat' dir='ltr'><strong>ea</strong></span> <span class='ocrx_word' id='word_1_268' title='bbox 695 3140 819 3206; x_wconf 89' lang='lat' dir='ltr'><strong>essent,</strong></span> <span class='ocrx_word' id='word_1_269' title='bbox 848 3151 930 3210; x_wconf 89' lang='lat' dir='ltr'><strong>quae</strong></span> <span class='ocrx_word' id='word_1_270' title='bbox 953 3149 1013 3194; x_wconf 87' lang='lat' dir='ltr'><strong>nec</strong></span> <span class='ocrx_word' id='word_1_271' title='bbox 1036 3148 1109 3192; x_wconf 90' lang='lat' dir='ltr'><strong>eum</strong></span> <span class='ocrx_word' id='word_1_272' title='bbox 1132 3127 1276 3192; x_wconf 91' lang='lat' dir='ltr'><strong>moribus</strong></span> 
     </span>
     <span class='ocr_line' id='line_1_34' title="bbox 147 3213 1274 3295; baseline -0.001 -16"><span class='ocrx_word' id='word_1_273' title='bbox 147 3215 235 3280; x_wconf 87' lang='lat' dir='ltr'><strong>illius</strong></span> <span class='ocrx_word' id='word_1_274' title='bbox 267 3217 397 3295; x_wconf 83' lang='lat' dir='ltr'><strong>aetatis,</strong></span> <span class='ocrx_word' id='word_1_275' title='bbox 433 3236 492 3281; x_wconf 90' lang='lat' dir='ltr'><strong>nec</strong></span> <span class='ocrx_word' id='word_1_276' title='bbox 525 3235 597 3279; x_wconf 92' lang='lat' dir='ltr'><strong>oum</strong></span> <span class='ocrx_word' id='word_1_277' title='bbox 632 3215 816 3279; x_wconf 89' lang='lat' dir='ltr'><strong>testimonio</strong></span> <span class='ocrx_word' id='word_1_278' title='bbox 850 3214 1019 3279; x_wconf 87' lang='lat' dir='ltr'><strong>Plutarchi</strong></span> <span class='ocrx_word' id='word_1_279' title='bbox 1053 3213 1274 3278; x_wconf 89' lang='lat' dir='ltr'><strong>convenirent.</strong></span> 
     </span>
     <span class='ocr_line' id='line_1_35' title="bbox 147 3299 1275 3383; baseline -0.004 -17"><span class='ocrx_word' id='word_1_280' title='bbox 147 3301 211 3378; x_wconf 80' lang='lat' dir='ltr'><strong>Eu,</strong></span> <span class='ocrx_word' id='word_1_281' title='bbox 252 3320 335 3382; x_wconf 84' lang='lat' dir='ltr'><strong>quae</strong></span> <span class='ocrx_word' id='word_1_282' title='bbox 369 3303 525 3366; x_wconf 88' lang='lat' dir='ltr'><strong>orationis</strong></span> <span class='ocrx_word' id='word_1_283' title='bbox 557 3301 781 3365; x_wconf 86' lang='lat' dir='ltr'><strong>defensoribus</strong></span> <span class='ocrx_word' id='word_1_284' title='bbox 814 3300 960 3383; x_wconf 89' lang='lat' dir='ltr'><strong>opponit:</strong></span> <span class='ocrx_word' id='word_1_285' title='bbox 1005 3299 1125 3377; x_wconf 85' lang='lat' dir='ltr'><strong>„Mori,</strong></span> <span class='ocrx_word' id='word_1_286' title='bbox 1160 3299 1275 3381; x_wconf 88' lang='lat' dir='ltr'><strong>inquit,</strong></span> 
     </span>
     <span class='ocr_line' id='line_1_36' title="bbox 148 3383 1277 3471; baseline 0.001 -24"><span class='ocrx_word' id='word_1_287' title='bbox 148 3395 194 3469; x_wconf 91' lang='lat' dir='ltr'><strong>(p.</strong></span> <span class='ocrx_word' id='word_1_288' title='bbox 218 3384 273 3471; x_wconf 79' lang='lat'><strong>26)</strong></span> <span class='ocrx_word' id='word_1_289' title='bbox 303 3394 336 3450; x_wconf 90' lang='lat' dir='ltr'><strong>et</strong></span> <span class='ocrx_word' id='word_1_290' title='bbox 365 3386 548 3469; x_wconf 85' lang='lat' dir='ltr'><strong>elegantiae</strong></span> <span class='ocrx_word' id='word_1_291' title='bbox 578 3386 668 3451; x_wconf 89' lang='lat' dir='ltr'><strong>illius</strong></span> <span class='ocrx_word' id='word_1_292' title='bbox 696 3387 812 3452; x_wconf 84' lang='lat' dir='ltr'><strong>aetatis</strong></span> <span class='ocrx_word' id='word_1_293' title='bbox 842 3386 1041 3451; x_wconf 89' lang='lat' dir='ltr'><strong>eontrarium</strong></span> <span class='ocrx_word' id='word_1_294' title='bbox 1064 3395 1144 3462; x_wconf 88' lang='lat' dir='ltr'><strong>erat,</strong></span> <span class='ocrx_word' id='word_1_295' title='bbox 1168 3383 1277 3449; x_wconf 90' lang='lat' dir='ltr'><strong>verbis</strong></span> 
     </span>
     <span class='ocr_line' id='line_1_37' title="bbox 147 3471 1277 3555; baseline 0.001 -21"><span class='ocrx_word' id='word_1_296' title='bbox 147 3471 297 3552; x_wconf 91' lang='lat' dir='ltr'><strong>pluribus</strong></span> <span class='ocrx_word' id='word_1_297' title='bbox 319 3472 368 3536; x_wconf 93' lang='lat' dir='ltr'><strong>uti</strong></span> <span class='ocrx_word' id='word_1_298' title='bbox 398 3472 536 3554; x_wconf 87' lang='lat' dir='ltr'><strong>aliquem</strong></span> <span class='ocrx_word' id='word_1_299' title='bbox 566 3473 600 3536; x_wconf 92' lang='lat' dir='ltr'><strong>in</strong></span> <span class='ocrx_word' id='word_1_300' title='bbox 631 3473 811 3555; x_wconf 90' lang='lat' dir='ltr'><strong>gratiarum</strong></span> <span class='ocrx_word' id='word_1_301' title='bbox 835 3473 971 3551; x_wconf 88' lang='lat' dir='ltr'><strong>actione,</strong></span> <span class='ocrx_word' id='word_1_302' title='bbox 1002 3493 1100 3555; x_wconf 87' lang='lat' dir='ltr'><strong>quarn</strong></span> <span class='ocrx_word' id='word_1_303' title='bbox 1130 3473 1202 3553; x_wconf 90' lang='lat' dir='ltr'><strong>ipsa</strong></span> <span class='ocrx_word' id='word_1_304' title='bbox 1223 3491 1277 3535; x_wconf 88' lang='lat' dir='ltr'><strong>res</strong></span> 
     </span>
     <span class='ocr_line' id='line_1_38' title="bbox 147 3556 1276 3642; baseline -0.002 -20"><span class='ocrx_word' id='word_1_305' title='bbox 147 3556 338 3639; x_wconf 89' lang='lat' dir='ltr'><strong>postularet,</strong></span> <span class='ocrx_word' id='word_1_306' title='bbox 361 3556 393 3621; x_wconf 92' lang='lat' dir='ltr'><strong>id</strong></span> <span class='ocrx_word' id='word_1_307' title='bbox 417 3570 476 3636; x_wconf 89' lang='lat' dir='ltr'><strong>est,</strong></span> <span class='ocrx_word' id='word_1_308' title='bbox 501 3568 537 3621; x_wconf 93' lang='lat' dir='ltr'><strong>ut</strong></span> <span class='ocrx_word' id='word_1_309' title='bbox 555 3558 669 3623; x_wconf 88' lang='lat' dir='ltr'><strong>Cicero</strong></span> <span class='ocrx_word' id='word_1_310' title='bbox 688 3558 794 3624; x_wconf 90' lang='lat' dir='ltr'><strong>dicere</strong></span> <span class='ocrx_word' id='word_1_311' title='bbox 816 3558 905 3636; x_wconf 90' lang='lat' dir='ltr'><strong>solet,</strong></span> <span class='ocrx_word' id='word_1_312' title='bbox 926 3557 1144 3642; x_wconf 87' lang='lat' dir='ltr'><strong>amplissimis,</strong></span> <span class='ocrx_word' id='word_1_313' title='bbox 1167 3557 1276 3640; x_wconf 85' lang='lat' dir='ltr'><strong>singu-</strong></span> 
     </span>
     <span class='ocr_line' id='line_1_39' title="bbox 147 3641 1275 3726; baseline -0.001 -20"><span class='ocrx_word' id='word_1_314' title='bbox 147 3641 281 3718; x_wconf 85' lang='lat' dir='ltr'><strong>laribus,</strong></span> <span class='ocrx_word' id='word_1_315' title='bbox 310 3664 369 3708; x_wconf 89' lang='lat' dir='ltr'><strong>seu</strong></span> <span class='ocrx_word' id='word_1_316' title='bbox 391 3643 539 3726; x_wconf 92' lang='lat' dir='ltr'><strong>pluribus</strong></span> <span class='ocrx_word' id='word_1_317' title='bbox 561 3665 658 3725; x_wconf 85' lang='lat' dir='ltr'><strong>quarn</strong></span> <span class='ocrx_word' id='word_1_318' title='bbox 686 3645 807 3708; x_wconf 87' lang='lat' dir='ltr'><strong>factum</strong></span> <span class='ocrx_word' id='word_1_319' title='bbox 830 3657 914 3709; x_wconf 87' lang='lat' dir='ltr'><strong>esset</strong></span> <span class='ocrx_word' id='word_1_320' title='bbox 930 3665 954 3721; x_wconf 81' lang='lat' dir='ltr'><strong>¹a</strong></span> <span class='ocrx_word' id='word_1_321' title='bbox 977 3645 1094 3710; x_wconf 88' lang='lat' dir='ltr'><strong>ceteris</strong></span> <span class='ocrx_word' id='word_1_322' title='bbox 1117 3643 1275 3708; x_wconf 88' lang='lat' dir='ltr'><strong>senatori-</strong></span> 
     </span>
     <span class='ocr_line' id='line_1_40' title="bbox 147 3727 1275 3810; baseline 0 -18"><span class='ocrx_word' id='word_1_323' title='bbox 147 3727 218 3792; x_wconf 88' lang='lat' dir='ltr'><strong>bus.</strong></span> <span class='ocrx_word' id='word_1_324' title='bbox 258 3728 368 3793; x_wconf 81' lang='lat' dir='ltr'><strong>&#39;Pertio</strong></span> <span class='ocrx_word' id='word_1_325' title='bbox 390 3739 447 3794; x_wconf 89' lang='lat' dir='ltr'><strong>aut</strong></span> <span class='ocrx_word' id='word_1_326' title='bbox 468 3737 584 3810; x_wconf 90' lang='lat' dir='ltr'><strong>quarto</strong></span> <span class='ocrx_word' id='word_1_327' title='bbox 605 3739 678 3810; x_wconf 87' lang='lat' dir='ltr'><strong>pest</strong></span> <span class='ocrx_word' id='word_1_328' title='bbox 700 3728 869 3794; x_wconf 90' lang='lat' dir='ltr'><strong>Christum</strong></span> <span class='ocrx_word' id='word_1_329' title='bbox 893 3730 1030 3808; x_wconf 89' lang='lat' dir='ltr'><strong>saeculo,</strong></span> <span class='ocrx_word' id='word_1_330' title='bbox 1054 3732 1169 3810; x_wconf 90' lang='lat' dir='ltr'><strong>quibus</strong></span> <span class='ocrx_word' id='word_1_331' title='bbox 1192 3738 1275 3793; x_wconf 86' lang='lat' dir='ltr'><strong>tem·</strong></span> 
     </span>
     <span class='ocr_line' id='line_1_41' title="bbox 147 3811 1276 3897; baseline 0 -21"><span class='ocrx_word' id='word_1_332' title='bbox 147 3811 282 3896; x_wconf 91' lang='lat' dir='ltr'><strong>poribus</strong></span> <span class='ocrx_word' id='word_1_333' title='bbox 310 3813 492 3896; x_wconf 84' lang='lat' dir='ltr'><strong>Eumenius</strong></span> <span class='ocrx_word' id='word_1_334' title='bbox 520 3822 554 3878; x_wconf 89' lang='lat' dir='ltr'><strong>et</strong></span> <span class='ocrx_word' id='word_1_335' title='bbox 581 3814 779 3897; x_wconf 83' lang='lat' dir='ltr'><strong>Panegyriei</strong></span> <span class='ocrx_word' id='word_1_336' title='bbox 808 3816 920 3879; x_wconf 85' lang='lat' dir='ltr'><strong>Latini</strong></span> <span class='ocrx_word' id='word_1_337' title='bbox 950 3816 1121 3889; x_wconf 80' lang='lat' dir='ltr'><strong>vixerunt,</strong></span> <span class='ocrx_word' id='word_1_338' title='bbox 1154 3816 1188 3879; x_wconf 92' lang='lat' dir='ltr'><strong>in</strong></span> <span class='ocrx_word' id='word_1_339' title='bbox 1218 3812 1276 3879; x_wconf 86' lang='lat' dir='ltr'><strong>tali</strong></span> 
     </span>
     <span class='ocr_line' id='line_1_42' title="bbox 147 3898 1209 3980; baseline 0 -18"><span class='ocrx_word' id='word_1_340' title='bbox 147 3899 217 3963; x_wconf 90' lang='lat' dir='ltr'><strong>loeo</strong></span> <span class='ocrx_word' id='word_1_341' title='bbox 239 3907 439 3980; x_wconf 84' lang='lat' dir='ltr'><strong>attempero</strong></span> <span class='ocrx_word' id='word_1_342' title='bbox 461 3900 613 3964; x_wconf 90' lang='lat' dir='ltr'><strong>convenit</strong></span> <span class='ocrx_word' id='word_1_343' title='bbox 634 3900 721 3964; x_wconf 87' lang='lat' dir='ltr'><strong>iusta</strong></span> <span class='ocrx_word' id='word_1_344' title='bbox 741 3903 853 3976; x_wconf 90' lang='lat' dir='ltr'><strong>oratio,</strong></span> <span class='ocrx_word' id='word_1_345' title='bbox 877 3921 942 3964; x_wconf 91' lang='lat' dir='ltr'><strong>uon</strong></span> <span class='ocrx_word' id='word_1_346' title='bbox 966 3898 1209 3966; x_wconf 63' lang='lat' dir='ltr'><strong>Ciceroniana*</strong></span> 
     </span>
     <span class='ocr_line' id='line_1_43' title="bbox 234 3981 1271 4068; baseline 0.001 -21"><span class='ocrx_word' id='word_1_347' title='bbox 234 3981 324 4066; x_wconf 78' lang='lat' dir='ltr'><strong>Quid</strong></span> <span class='ocrx_word' id='word_1_348' title='bbox 347 3984 410 4050; x_wconf 92' lang='lat' dir='ltr'><strong>hoe</strong></span> <span class='ocrx_word' id='word_1_349' title='bbox 430 3985 594 4067; x_wconf 88' lang='lat' dir='ltr'><strong>posterius</strong></span> <span class='ocrx_word' id='word_1_350' title='bbox 616 3985 678 4052; x_wconf 90' lang='lat' dir='ltr'><strong>sibi</strong></span> <span class='ocrx_word' id='word_1_351' title='bbox 700 3984 789 4064; x_wconf 89' lang='lat' dir='ltr'><strong>velit,</strong></span> <span class='ocrx_word' id='word_1_352' title='bbox 811 4005 865 4049; x_wconf 91' lang='lat' dir='ltr'><strong>me</strong></span> <span class='ocrx_word' id='word_1_353' title='bbox 888 4004 952 4049; x_wconf 93' lang='lat' dir='ltr'><strong>uon</strong></span> <span class='ocrx_word' id='word_1_354' title='bbox 971 3986 1110 4068; x_wconf 78' lang='lat' dir='ltr'><strong>assequi,</strong></span> <span class='ocrx_word' id='word_1_355' title='bbox 1131 3986 1233 4068; x_wconf 78' lang='lat' dir='ltr'><strong>ingen</strong></span> <span class='ocrx_word' id='word_1_356' title='bbox 1267 3987 1271 3997; x_wconf 90' lang='grc'><strong>“</strong></span> 
     </span>
     <span class='ocr_line' id='line_1_44' title="bbox 147 4068 1231 4153; baseline 0.001 -17"><span class='ocrx_word' id='word_1_357' title='bbox 147 4070 314 4136; x_wconf 89' lang='lat' dir='ltr'><strong>confiteor.</strong></span> <span class='ocrx_word' id='word_1_358' title='bbox 373 4072 428 4134; x_wconf 86' lang='lat' dir='ltr'><strong>An</strong></span> <span class='ocrx_word' id='word_1_359' title='bbox 461 4072 589 4137; x_wconf 87' lang='lat' dir='ltr'><strong>censuit</strong></span> <span class='ocrx_word' id='word_1_360' title='bbox 617 4071 669 4138; x_wconf 89' lang='lat' dir='ltr'><strong>vir</strong></span> <span class='ocrx_word' id='word_1_361' title='bbox 698 4068 828 4149; x_wconf 89' lang='lat' dir='ltr'><strong>doctus,</strong></span> <span class='ocrx_word' id='word_1_362' title='bbox 860 4069 926 4135; x_wconf 91' lang='lat' dir='ltr'><strong>illis</strong></span> <span class='ocrx_word' id='word_1_363' title='bbox 958 4071 1161 4153; x_wconf 90' lang='lat' dir='ltr'><strong>temporibus</strong></span> <span class='ocrx_word' id='word_1_364' title='bbox 1189 4069 1231 4149; x_wconf 57' lang='lat' dir='ltr'><strong>b,</strong></span> 
     </span>
     <span class='ocr_line' id='line_1_45' title="bbox 147 4152 1192 4242; baseline 0.001 -22"><span class='ocrx_word' id='word_1_365' title='bbox 147 4154 330 4220; x_wconf 87' lang='lat' dir='ltr'><strong>orationem</strong></span> <span class='ocrx_word' id='word_1_366' title='bbox 359 4177 379 4221; x_wconf 89' lang='lat' dir='ltr'><strong>a</strong></span> <span class='ocrx_word' id='word_1_367' title='bbox 407 4154 606 4242; x_wconf 80' lang='lat' dir='ltr'><strong>panegyrice</strong></span> <span class='ocrx_word' id='word_1_368' title='bbox 634 4156 742 4239; x_wconf 90' lang='lat' dir='ltr'><strong>aliquo</strong></span> <span class='ocrx_word' id='word_1_369' title='bbox 769 4156 979 4239; x_wconf 88' lang='lat' dir='ltr'><strong>compositam</strong></span> <span class='ocrx_word' id='word_1_370' title='bbox 1011 4153 1105 4237; x_wconf 79' lang='lat' dir='ltr'><strong>esse?</strong></span> <span class='ocrx_word' id='word_1_371' title='bbox 1159 4152 1192 4221; x_wconf 85' lang='lat' dir='ltr'>N</span> 
     </span>
     <span class='ocr_line' id='line_1_46' title="bbox 148 4239 1193 4333; baseline 0.001 -28"><span class='ocrx_word' id='word_1_372' title='bbox 148 4246 260 4306; x_wconf 87' lang='lat' dir='ltr'><strong>tamen</strong></span> <span class='ocrx_word' id='word_1_373' title='bbox 291 4242 398 4326; x_wconf 90' lang='lat' dir='ltr'><strong>potuit</strong></span> <span class='ocrx_word' id='word_1_374' title='bbox 414 4241 523 4324; x_wconf 24' lang='lat' dir='ltr'><strong>,salva</strong></span> <span class='ocrx_word' id='word_1_375' title='bbox 549 4243 675 4309; x_wconf 86' lang='lat' dir='ltr'><strong>ratione</strong></span> <span class='ocrx_word' id='word_1_376' title='bbox 711 4241 774 4309; x_wconf 89' lang='lat' dir='ltr'><strong>hoe</strong></span> <span class='ocrx_word' id='word_1_377' title='bbox 799 4249 932 4325; x_wconf 85' lang='lat' dir='ltr'><strong>putare,</strong></span> <span class='ocrx_word' id='word_1_378' title='bbox 961 4259 1044 4323; x_wconf 49' lang='lat' dir='ltr'><strong>eum,</strong></span> <span class='ocrx_word' id='word_1_379' title='bbox 1063 4239 1193 4333; x_wconf 63' lang='lat' dir='ltr'><strong>veritat„</strong></span> 
     </span>
    </p>
   </div>
   <div class='ocr_carea' id='block_1_3' title="bbox 0 0 1425 4822">
    <p class='ocr_par' dir='ltr' id='par_1_3' title="bbox 0 0 1425 4822">
     <span class='ocr_line' id='line_1_47' title="bbox 0 0 1425 4822; baseline 0 0"><span class='ocrx_word' id='word_1_380' title='bbox 0 0 1425 4822; x_wconf 95' lang='lat' dir='ltr'><strong> </strong></span> 
     </span>
    </p>
   </div>
  </div>
 </body>
</html>
