2820 4822
615 332 788 397 ...20..

135 503 318 570 orationum
347 501 550 587 argumentis
581 502 794 568 vehementer
830 499 999 584 discrepet.
1054 498 1096 565 In
1126 495 1263 564 eandem

137 588 334 655 sententiam
357 607 462 672 spero,
491 587 568 666 fore,
598 594 636 652 ut
662 587 733 652 sine
754 585 823 652 ulla
849 584 1051 652 dubitatione
1074 581 1262 662 concedant,

137 676 191 757 qui
217 673 369 758 perlectis
396 673 453 750 eis,
481 693 563 755 quac
590 672 693 738 altera
715 671 960 748 {dissertationis
982 678 1074 753 parte
1097 669 1140 735 ad
1169 667 1264 734 relclss

135 758 250 825 landas
272 756 573 825 animadversiones
595 757 753 823 aWolfio
775 757 810 822 in
832 757 937 841 ipsam
959 757 1140 821 orationem
1162 752 1265 820 factas
1306 814 1308 839 2

136 845 203 910 iam
225 863 390 928 exponere
419 850 469 910 est
489 842 572 907 mihi
601 843 637 908 in
665 843 789 919 animo,
819 842 881 907 sibi
902 841 1139 924 persuaserint,
1167 837 1265 922 longe
1306 846 1308 907 ἔ

135 930 247 1012 plnres
273 931 360 994 locos
394 926 519 993 insulsa
547 926 687 1010 quadam
716 927 897 1010 petulantia
924 947 943 990 a
969 925 1042 991 viro
1070 924 1166 991 docto
1195 943 1266 1007 pcr-
1306 988 1308 995 ,

138 1016 256 1099 stringi
277 1022 310 1079 et
332 1013 403 1080 sine
425 1014 512 1078 insta
534 1035 633 1078 causa
654 1012 817 1096 castigari.

609 1273 710 1384 Oap.
741 1273 799 1355 ΙΙ.

223 1441 297 1507 Hoc
335 1439 437 1505 altero
480 1437 711 1521 disputationis
757 1437 862 1519 capite
901 1436 941 1500 ad
981 1457 1019 1501 ea
1058 1436 1266 1520 potissimum

138 1527 260 1592 Wolfio
282 1523 478 1609 respondere
496 1523 579 1588 mihi
600 1532 650 1588 est
670 1524 881 1605 propositum,
912 1541 994 1604 quae
1016 1524 1068 1587 vel
1091 1522 1132 1587 ad
1156 1542 1265 1607 gram·

139 1612 294 1677 maticam
332 1610 491 1675 rationem
525 1609 683 1674 orationis
719 1608 771 1674 vel
811 1606 852 1672 ad
886 1607 1062 1673 verborum
1099 1608 1265 1692 significa·

139 1699 261 1762 tionem
290 1696 491 1778 pertineant;
521 1715 573 1773 sa,
604 1715 687 1777 quae
719 1701 851 1777 propter
878 1694 1015 1758 nimiam
1043 1693 1266 1781 adulationem

139 1781 298 1847 Ciceronis
326 1779 484 1864 imputari
500 1799 595 1862 posse
614 1785 722 1862 negat,
742 1777 873 1844 silentio
890 1779 995 1845 sciens
1014 1778 1176 1862 praetorii,
1200 1778 1265 1842 non

140 1887 202 1950 quo
214 1865 374 1944 deessent,
393 1864 510 1948 quibus
521 1864 579 1930 illa
590 1865 725 1930 refutari
735 1869 878 1948 possent,
897 1863 955 1929 sod
966 1863 1051 1946 quod
1062 1863 1128 1928 iam
1141 1864 1181 1929 ab
1193 1862 1265 1929 aliis

140 1953 187 2016 ita
207 1952 332 2018 revicta
354 1948 558 2029 videbantur,
585 1957 623 2014 ut
644 1969 923 2033 supervacaneum
951 1955 1044 2028 esset,
1072 1947 1180 2014 denuo
1203 1968 1265 2026 res,

140 2036 181 2103 de
209 2034 328 2120 quibus
354 2036 420 2101 iam
447 2042 557 2101 actum
585 2043 679 2113 essct,
708 2041 860 2100 tractare.
904 2035 971 2098 Eos
991 2035 1094 2119 igitur
1116 2033 1204 2099 locos
1227 2031 1267 2097 ad

140 2121 286 2190 severius
309 2141 447 2188 examen
469 2120 629 2199 revocavi,
652 2118 769 2203 quibus
791 2121 914 2202 priores
936 2119 1121 2185 defensores
1145 2116 1267 2201 aliquid

141 2205 231 2272 dubii
252 2206 477 2289 relinquerent
498 2205 551 2274 vel
580 2205 826 2272 criminationes
845 2227 864 2270 a
886 2203 1008 2270 Wolfio
1034 2204 1172 2269 iniectas
1192 2210 1229 2268 ct
1249 2222 1268 2269 a

141 2291 167 2357 S
191 2291 336 2374 aldingio
357 2298 469 2358 auctas
488 2313 553 2356 non
574 2292 621 2357 ita
638 2291 828 2369 refutarent,
851 2296 889 2354 nt
906 2287 1057 2355 omnibus
1078 2288 1268 2371 scrupulum

142 2377 193 2442 a‘
231 2383 334 2443 erent.

230 2547 279 2612 Aa
308 2545 446 2628 primam
475 2543 606 2626 quidem
634 2545 896 2629 reprehendendi
923 2565 1037 2611 ansam
1058 2544 1210 2627 praebuit
1233 2543 1270 2608 in

143 2632 250 2715 prima
281 2629 498 2713 paragrapho,
532 2629 588 2694 ubi
617 2630 731 2696 (licere
760 2632 902 2713 exponit,
936 2631 1054 2714 quibus
1086 2629 1184 2695 rebus
1213 2627 1271 2694 ad·

144 2717 262 2782 ductus
283 2715 337 2794 sit,
359 2726 398 2779 nt
419 2715 568 2799 neglecto
590 2715 624 2778 in
647 2723 841 2800 perpetuum
863 2714 990 2782 tacendi
1012 2714 1147 2781 consilio
1168 2713 1272 2781 verba

142 2801 273 2879 faceret,
285 2809 379 2866 acuto
394 2801 506 2865 critico
517 2802 728 2882 praeteritum
741 2822 851 2875 „eram
862 2808 961 2866 usns“
975 2801 1085 2865 minus
1101 2799 1271 2866 commode

71 2902 75 2906 ·
142 2887 290 2951 iunctum
312 2884 413 2951 verbo
434 2886 591 2962 „attulit“.
626 2884 694 2950 Sed
715 2888 771 2965 sis,
793 2885 910 2968 quibus
932 2883 1062 2950 libellus
1083 2884 1138 2950 ille
1156 2883 1278 2950 Wolfii·

144 2992 210 3036 non
220 2971 256 3035 in
266 2977 420 3053 promptu
432 2976 491 3049 est,
502 2970 574 3052 ipsa
584 2970 685 3036 verba
696 2971 760 3035 viri
773 2969 859 3035 docti
870 2969 1053 3036 adscribere
1066 2970 1169 3035 satius
1181 2967 1272 3034 duxi.

232 3055 487 3132 „Praeteritum“
500 3055 616 3137 inquit,
637 3054 720 3119 illud
744 3076 853 3132 „eram
870 3062 968 3120 usus“
987 3052 1274 3121 minuscommodc

143 3140 292 3205 iunctum
314 3147 364 3205 est
386 3140 484 3205 verbo
509 3139 667 3221 „attulit“,
695 3140 780 3222 quod
803 3140 955 3206 hocloco
977 3162 1044 3205 non
1067 3140 1189 3218 coristi,
1213 3158 1272 3205 scu

144 3223 312 3306 praeteriti
338 3225 405 3290 vim
432 3224 547 3301 habet,
581 3223 639 3290 sed
666 3245 821 3309 praesens
847 3225 896 3290 rei
923 3225 1084 3310 perfectas
1106 3232 1173 3305 est;
1206 3236 1272 3307 qua

143 3315 306 3391 potestate
338 3309 488 3391 proxime
521 3309 646 3375 accedit
683 3309 724 3375 ad
756 3310 894 3376 alterum
933 3332 1086 3394 praeseus
1122 3309 1270 3390 ,affert“.

145 3393 217 3459 Hoc
239 3412 319 3460 vcro
342 3394 419 3476 quid
441 3394 563 3473 misit,
585 3395 612 3459 si
630 3397 703 3477 quis
722 3396 849 3460 ratione
871 3417 935 3460 uon
955 3395 1138 3478 perspiciat,
1160 3395 1271 3462 onius-

145 3479 196 3543 vis
228 3479 419 3545 recentioris
451 3479 583 3562 linguae
616 3480 765 3562 exemplo
797 3481 941 3545 monitus
974 3481 1101 3546 sentiet.
1151 3479 1208 3560 Ut,
1243 3480 1272 3545 si

145 3561 226 3628 haee
246 3563 293 3627 ita
314 3570 487 3628 vertantur
506 3563 648 3630 Gallice:
682 3564 748 3644 „Oc
770 3567 847 3650 jour
868 3566 941 3630 finit
967 3567 1056 3632 enlin
1078 3565 1109 3631 le
1137 3565 1270 3644 silence,

146 3668 208 3729 que
233 3647 349 3732 j'avais
378 3647 479 3730 garda
502 3648 616 3731 depuis
633 3650 867 3735 'lougtemps“:
901 3651 1034 3728 nemini,
1067 3657 1156 3733 puto,
1188 3649 1271 3715 haec

146 3732 316 3796 translatio
337 3732 507 3816 placuerit,
531 3735 585 3815 qui
607 3743 695 3800 recte
717 3735 830 3800 didicit
851 3736 1020 3800 seribere.“
1254 3766 1256 3772 ⁴

231 3816 403 3882 Weiskius
431 3816 520 3883 huno
546 3819 655 3884 locum
683 3820 730 3886 ita
757 3820 866 3886 studet
894 3820 1077 3900 defendere,
1106 3827 1144 3885 nt
1173 3818 1271 3899 dicat,

147 3899 315 3966 silentium
336 3910 454 3967 natura
475 3903 566 3985 prius
589 3925 658 3970 esse
678 3903 802 3983 debers,
826 3925 924 3987 quam
942 3905 1083 3970 reditum
1101 3903 1142 3969 ad
1159 3903 1272 3986 pristi-

147 4007 228 4048 num
250 3984 375 4050 dicendi
398 4007 531 4064 morem,
562 3989 670 4071 itaque
699 3991 735 4053 in
757 3989 866 4054 vorbis
893 3990 1020 4057 diversa
1043 3998 1190 4073 tempora
1211 4009 1272 4053 ex·

147 4069 317 4151 primeuda
345 4091 425 4135 csse.
473 4070 602 4137 Deinde
629 4073 720 4138 addit
749 4074 813 4138 tria
841 4077 1005 4158 exempla,
1038 4075 1153 4158 quibus
1181 4093 1283 4140 oom-¹

147 4155 285 4235 probare
307 4164 452 4235 conatur,
482 4157 567 4222 hanc
590 4159 757 4223 variorum
780 4165 961 4242 temporum
986 4161 1171 4224 iuncturam
1192 4179 1272 4224 ocn-

147 4239 271 4305 firmari
304 4248 337 4305 et
369 4243 534 4307 communi
571 4243 717 4309 omnium
754 4244 949 4328 scriptorum
982 4243 1109 4310 dicandi
1141 4264 1204 4317 usu
1238 4250 1273 4310 ct
