<?xml version="1.0" encoding="UTF-8"?>
<!DOCTYPE html PUBLIC "-//W3C//DTD XHTML 1.0 Transitional//EN"
    "http://www.w3.org/TR/xhtml1/DTD/xhtml1-transitional.dtd">
<html xmlns="http://www.w3.org/1999/xhtml" xml:lang="en" lang="en">
 <head>
  <title>
</title>
<meta http-equiv="Content-Type" content="text/html;charset=utf-8" />
  <meta name='ocr-system' content='tesseract 3.04.00' />
  <meta name='ocr-capabilities' content='ocr_page ocr_carea ocr_par ocr_line ocrx_word'/>
</head>
<body>
  <div class='ocr_page' id='page_1' title='image "./orationempronma00hahngoog_0006.png"; bbox 0 0 2820 4822; ppageno 0'>
   <div class='ocr_carea' id='block_1_1' title="bbox 139 1478 1275 3366">
    <p class='ocr_par' dir='ltr' id='par_1_1' title="bbox 139 1478 1275 3366">
     <span class='ocr_line' id='line_1_1' title="bbox 232 1478 1274 1564; baseline 0 -19"><span class='ocrx_word' id='word_1_1' title='bbox 232 1480 469 1563; x_wconf 79' lang='lat' dir='ltr'><strong>Comparantee</strong></span> <span class='ocrx_word' id='word_1_2' title='bbox 491 1500 551 1544; x_wconf 91' lang='lat' dir='ltr'><strong>nos</strong></span> <span class='ocrx_word' id='word_1_3' title='bbox 574 1479 758 1544; x_wconf 73' lang='lat' dir='ltr'><strong>accuratius</strong></span> <span class='ocrx_word' id='word_1_4' title='bbox 777 1478 948 1546; x_wconf 78' lang='lat' dir='ltr'><strong>ciceronis</strong></span> <span class='ocrx_word' id='word_1_5' title='bbox 970 1482 1140 1560; x_wconf 86' lang='lat' dir='ltr'><strong>orationes,</strong></span> <span class='ocrx_word' id='word_1_6' title='bbox 1163 1481 1274 1564; x_wconf 89' lang='lat' dir='ltr'><strong>quales</strong></span> 
     </span>
     <span class='ocr_line' id='line_1_2' title="bbox 144 1564 1274 1650; baseline 0.003 -20"><span class='ocrx_word' id='word_1_7' title='bbox 144 1586 249 1649; x_wconf 90' lang='lat' dir='ltr'><strong>usque</strong></span> <span class='ocrx_word' id='word_1_8' title='bbox 272 1564 313 1631; x_wconf 90' lang='lat' dir='ltr'><strong>ad</strong></span> <span class='ocrx_word' id='word_1_9' title='bbox 331 1565 430 1631; x_wconf 90' lang='lat' dir='ltr'><strong>huius</strong></span> <span class='ocrx_word' id='word_1_10' title='bbox 454 1564 576 1631; x_wconf 88' lang='lat' dir='ltr'><strong>saeculi</strong></span> <span class='ocrx_word' id='word_1_11' title='bbox 604 1565 737 1630; x_wconf 88' lang='lat' dir='ltr'><strong>initium</strong></span> <span class='ocrx_word' id='word_1_12' title='bbox 767 1571 799 1630; x_wconf 92' lang='lat' dir='ltr'><strong>et</strong></span> <span class='ocrx_word' id='word_1_13' title='bbox 828 1566 862 1630; x_wconf 93' lang='lat' dir='ltr'><strong>in</strong></span> <span class='ocrx_word' id='word_1_14' title='bbox 891 1566 1122 1650; x_wconf 78' lang='lat' dir='ltr'><strong>magistrorum</strong></span> <span class='ocrx_word' id='word_1_15' title='bbox 1152 1575 1186 1632; x_wconf 87' lang='lat' dir='ltr'><strong>ct</strong></span> <span class='ocrx_word' id='word_1_16' title='bbox 1208 1567 1274 1633; x_wconf 90' lang='lat' dir='ltr'><strong>dis·</strong></span> 
     </span>
     <span class='ocr_line' id='line_1_3' title="bbox 144 1650 1274 1737; baseline 0.001 -20"><span class='ocrx_word' id='word_1_17' title='bbox 144 1650 328 1735; x_wconf 90' lang='lat' dir='ltr'><strong>cipulorum</strong></span> <span class='ocrx_word' id='word_1_18' title='bbox 351 1651 503 1717; x_wconf 87' lang='lat' dir='ltr'><strong>manibus</strong></span> <span class='ocrx_word' id='word_1_19' title='bbox 525 1659 628 1728; x_wconf 86' lang='lat' dir='ltr'><strong>erant,</strong></span> <span class='ocrx_word' id='word_1_20' title='bbox 652 1671 726 1716; x_wconf 93' lang='lat' dir='ltr'><strong>cum</strong></span> <span class='ocrx_word' id='word_1_21' title='bbox 750 1652 806 1730; x_wconf 84' lang='lat' dir='ltr'><strong>eis,</strong></span> <span class='ocrx_word' id='word_1_22' title='bbox 828 1651 945 1735; x_wconf 88' lang='lat' dir='ltr'><strong>quibus</strong></span> <span class='ocrx_word' id='word_1_23' title='bbox 968 1653 1065 1719; x_wconf 91' lang='lat' dir='ltr'><strong>hodie</strong></span> <span class='ocrx_word' id='word_1_24' title='bbox 1088 1654 1188 1737; x_wconf 82' lang='lat' dir='ltr'><strong>vulgo</strong></span> <span class='ocrx_word' id='word_1_25' title='bbox 1213 1654 1274 1718; x_wconf 89' lang='lat' dir='ltr'><strong>uti·</strong></span> 
     </span>
     <span class='ocr_line' id='line_1_4' title="bbox 143 1737 1275 1821; baseline 0.004 -20"><span class='ocrx_word' id='word_1_26' title='bbox 143 1757 227 1816; x_wconf 90' lang='lat' dir='ltr'><strong>mur,</strong></span> <span class='ocrx_word' id='word_1_27' title='bbox 251 1737 363 1821; x_wconf 83' lang='lat' dir='ltr'><strong>fugere</strong></span> <span class='ocrx_word' id='word_1_28' title='bbox 385 1760 452 1803; x_wconf 92' lang='lat' dir='ltr'><strong>non</strong></span> <span class='ocrx_word' id='word_1_29' title='bbox 473 1744 590 1820; x_wconf 86' lang='lat' dir='ltr'><strong>potest,</strong></span> <span class='ocrx_word' id='word_1_30' title='bbox 619 1737 706 1802; x_wconf 89' lang='lat' dir='ltr'><strong>haud</strong></span> <span class='ocrx_word' id='word_1_31' title='bbox 735 1758 873 1820; x_wconf 87' lang='lat' dir='ltr'><strong>parvum</strong></span> <span class='ocrx_word' id='word_1_32' title='bbox 907 1737 1082 1804; x_wconf 80' lang='lat' dir='ltr'><strong>discrimen</strong></span> <span class='ocrx_word' id='word_1_33' title='bbox 1110 1740 1275 1805; x_wconf 89' lang='lat' dir='ltr'><strong>intereas</strong></span> 
     </span>
     <span class='ocr_line' id='line_1_5' title="bbox 144 1823 1274 1907; baseline 0.003 -21"><span class='ocrx_word' id='word_1_34' title='bbox 144 1823 357 1889; x_wconf 89' lang='lat' dir='ltr'><strong>intercedere.</strong></span> <span class='ocrx_word' id='word_1_35' title='bbox 402 1824 443 1887; x_wconf 92' lang='lat' dir='ltr'><strong>In</strong></span> <span class='ocrx_word' id='word_1_36' title='bbox 467 1844 661 1907; x_wconf 85' lang='lat' dir='ltr'><strong>unaqueque</strong></span> <span class='ocrx_word' id='word_1_37' title='bbox 683 1823 751 1888; x_wconf 85' lang='lat' dir='ltr'><strong>fere</strong></span> <span class='ocrx_word' id='word_1_38' title='bbox 768 1825 891 1907; x_wconf 78' lang='lat' dir='ltr'><strong>pagina</strong></span> <span class='ocrx_word' id='word_1_39' title='bbox 903 1825 983 1889; x_wconf 88' lang='lat' dir='ltr'><strong>artis</strong></span> <span class='ocrx_word' id='word_1_40' title='bbox 1001 1825 1134 1891; x_wconf 90' lang='lat' dir='ltr'><strong>criticae</strong></span> <span class='ocrx_word' id='word_1_41' title='bbox 1145 1825 1274 1891; x_wconf 84' lang='lat' dir='ltr'><strong>iuveni-</strong></span> 
     </span>
     <span class='ocr_line' id='line_1_6' title="bbox 143 1910 1273 1994; baseline 0.003 -21"><span class='ocrx_word' id='word_1_42' title='bbox 143 1930 217 1974; x_wconf 90' lang='lat' dir='ltr'><strong>mus</strong></span> <span class='ocrx_word' id='word_1_43' title='bbox 240 1910 389 1994; x_wconf 82' lang='lat' dir='ltr'><strong>vestigia,</strong></span> <span class='ocrx_word' id='word_1_44' title='bbox 413 1931 496 1992; x_wconf 86' lang='lat' dir='ltr'><strong>quae</strong></span> <span class='ocrx_word' id='word_1_45' title='bbox 519 1918 679 1992; x_wconf 86' lang='lat' dir='ltr'><strong>quantum</strong></span> <span class='ocrx_word' id='word_1_46' title='bbox 692 1911 852 1992; x_wconf 80' lang='lat' dir='ltr'><strong>profuerit</strong></span> <span class='ocrx_word' id='word_1_47' title='bbox 874 1910 914 1974; x_wconf 91' lang='lat' dir='ltr'><strong>ad</strong></span> <span class='ocrx_word' id='word_1_48' title='bbox 927 1931 1026 1994; x_wconf 89' lang='lat' dir='ltr'><strong>opera</strong></span> <span class='ocrx_word' id='word_1_49' title='bbox 1039 1911 1140 1977; x_wconf 73' lang='lat' dir='ltr'><strong>Tullii</strong></span> <span class='ocrx_word' id='word_1_50' title='bbox 1163 1932 1273 1976; x_wconf 92' lang='lat' dir='ltr'><strong>emen-</strong></span> 
     </span>
     <span class='ocr_line' id='line_1_7' title="bbox 143 1993 1271 2080; baseline 0.002 -21"><span class='ocrx_word' id='word_1_51' title='bbox 143 1993 251 2060; x_wconf 87' lang='lat' dir='ltr'><strong>danda</strong></span> <span class='ocrx_word' id='word_1_52' title='bbox 271 1995 346 2059; x_wconf 90' lang='lat' dir='ltr'><strong>inde</strong></span> <span class='ocrx_word' id='word_1_53' title='bbox 368 1994 407 2059; x_wconf 91' lang='lat' dir='ltr'><strong>ab</strong></span> <span class='ocrx_word' id='word_1_54' title='bbox 429 1994 486 2059; x_wconf 92' lang='lat' dir='ltr'><strong>illo</strong></span> <span class='ocrx_word' id='word_1_55' title='bbox 509 2002 665 2078; x_wconf 86' lang='lat' dir='ltr'><strong>tempore,</strong></span> <span class='ocrx_word' id='word_1_56' title='bbox 687 2003 824 2073; x_wconf 86' lang='lat' dir='ltr'><strong>nonest,</strong></span> <span class='ocrx_word' id='word_1_57' title='bbox 845 1995 929 2077; x_wconf 92' lang='lat' dir='ltr'><strong>quod</strong></span> <span class='ocrx_word' id='word_1_58' title='bbox 947 1997 1108 2080; x_wconf 87' lang='lat' dir='ltr'><strong>exemplis</strong></span> <span class='ocrx_word' id='word_1_59' title='bbox 1127 1997 1271 2076; x_wconf 86' lang='lat' dir='ltr'><strong>doceam,</strong></span> 
     </span>
     <span class='ocr_line' id='line_1_8' title="bbox 142 2080 1272 2164; baseline 0.004 -20"><span class='ocrx_word' id='word_1_60' title='bbox 142 2100 216 2145; x_wconf 90' lang='lat' dir='ltr'><strong>cum</strong></span> <span class='ocrx_word' id='word_1_61' title='bbox 240 2101 336 2146; x_wconf 90' lang='lat' dir='ltr'><strong>nemo</strong></span> <span class='ocrx_word' id='word_1_62' title='bbox 359 2082 411 2160; x_wconf 90' lang='lat' dir='ltr'><strong>sit,</strong></span> <span class='ocrx_word' id='word_1_63' title='bbox 434 2082 513 2163; x_wconf 91' lang='lat' dir='ltr'><strong>quin</strong></span> <span class='ocrx_word' id='word_1_64' title='bbox 537 2081 627 2158; x_wconf 89' lang='lat' dir='ltr'><strong>sciat,</strong></span> <span class='ocrx_word' id='word_1_65' title='bbox 651 2087 729 2164; x_wconf 91' lang='lat' dir='ltr'><strong>quot</strong></span> <span class='ocrx_word' id='word_1_66' title='bbox 751 2080 812 2147; x_wconf 92' lang='lat' dir='ltr'><strong>loci</strong></span> <span class='ocrx_word' id='word_1_67' title='bbox 841 2082 870 2146; x_wconf 91' lang='lat' dir='ltr'><strong>ei</strong></span> <span class='ocrx_word' id='word_1_68' title='bbox 900 2081 1040 2159; x_wconf 86' lang='lat' dir='ltr'><strong>debeant</strong></span> <span class='ocrx_word' id='word_1_69' title='bbox 1067 2105 1160 2148; x_wconf 87' lang='lat' dir='ltr'><strong>suam</strong></span> <span class='ocrx_word' id='word_1_70' title='bbox 1187 2084 1272 2148; x_wconf 87' lang='lat' dir='ltr'><strong>inte-</strong></span> 
     </span>
     <span class='ocr_line' id='line_1_9' title="bbox 143 2166 1271 2253; baseline 0.002 -23"><span class='ocrx_word' id='word_1_71' title='bbox 143 2168 306 2250; x_wconf 82' lang='lat' dir='ltr'><strong>gritatem,</strong></span> <span class='ocrx_word' id='word_1_72' title='bbox 335 2174 414 2249; x_wconf 89' lang='lat' dir='ltr'><strong>quot</strong></span> <span class='ocrx_word' id='word_1_73' title='bbox 436 2166 563 2243; x_wconf 87' lang='lat' dir='ltr'><strong>menda,</strong></span> <span class='ocrx_word' id='word_1_74' title='bbox 588 2188 672 2249; x_wconf 89' lang='lat' dir='ltr'><strong>quae</strong></span> <span class='ocrx_word' id='word_1_75' title='bbox 693 2188 752 2250; x_wconf 90' lang='lat' dir='ltr'><strong>per</strong></span> <span class='ocrx_word' id='word_1_76' title='bbox 773 2174 822 2231; x_wconf 90' lang='lat' dir='ltr'><strong>tot</strong></span> <span class='ocrx_word' id='word_1_77' title='bbox 843 2167 973 2234; x_wconf 85' lang='lat' dir='ltr'><strong>saecula</strong></span> <span class='ocrx_word' id='word_1_78' title='bbox 983 2169 1203 2253; x_wconf 90' lang='lat' dir='ltr'><strong>interpretum</strong></span> <span class='ocrx_word' id='word_1_79' title='bbox 1221 2169 1271 2232; x_wconf 91' lang='lat' dir='ltr'><strong>in-</strong></span> 
     </span>
     <span class='ocr_line' id='line_1_10' title="bbox 142 2252 1272 2336; baseline 0.001 -19"><span class='ocrx_word' id='word_1_80' title='bbox 142 2253 238 2335; x_wconf 83' lang='lat' dir='ltr'><strong>genia</strong></span> <span class='ocrx_word' id='word_1_81' title='bbox 261 2252 464 2335; x_wconf 85' lang='lat' dir='ltr'><strong>deceperant,</strong></span> <span class='ocrx_word' id='word_1_82' title='bbox 487 2253 559 2317; x_wconf 90' lang='lat' dir='ltr'><strong>eius</strong></span> <span class='ocrx_word' id='word_1_83' title='bbox 580 2273 640 2336; x_wconf 90' lang='lat' dir='ltr'><strong>ope</strong></span> <span class='ocrx_word' id='word_1_84' title='bbox 658 2274 746 2318; x_wconf 91' lang='lat' dir='ltr'><strong>nunc</strong></span> <span class='ocrx_word' id='word_1_85' title='bbox 761 2252 888 2320; x_wconf 88' lang='lat' dir='ltr'><strong>detecta</strong></span> <span class='ocrx_word' id='word_1_86' title='bbox 910 2261 1079 2320; x_wconf 87' lang='lat' dir='ltr'><strong>stremota</strong></span> <span class='ocrx_word' id='word_1_87' title='bbox 1096 2255 1171 2320; x_wconf 91' lang='lat' dir='ltr'><strong>sint.</strong></span> <span class='ocrx_word' id='word_1_88' title='bbox 1203 2255 1272 2320; x_wconf 93' lang='lat' dir='ltr'><strong>Nec</strong></span> 
     </span>
     <span class='ocr_line' id='line_1_11' title="bbox 142 2336 1271 2424; baseline 0.004 -23"><span class='ocrx_word' id='word_1_89' title='bbox 142 2338 263 2401; x_wconf 91' lang='lat' dir='ltr'><strong>mirum</strong></span> <span class='ocrx_word' id='word_1_90' title='bbox 284 2336 425 2415; x_wconf 83' lang='lat' dir='ltr'><strong>videtur,</strong></span> <span class='ocrx_word' id='word_1_91' title='bbox 454 2338 538 2420; x_wconf 92' lang='lat' dir='ltr'><strong>quod</strong></span> <span class='ocrx_word' id='word_1_92' title='bbox 568 2339 666 2404; x_wconf 89' lang='lat' dir='ltr'><strong>huius</strong></span> <span class='ocrx_word' id='word_1_93' title='bbox 694 2339 859 2421; x_wconf 88' lang='lat' dir='ltr'><strong>scriptoris</strong></span> <span class='ocrx_word' id='word_1_94' title='bbox 889 2340 1095 2424; x_wconf 91' lang='lat' dir='ltr'><strong>potissimum</strong></span> <span class='ocrx_word' id='word_1_95' title='bbox 1123 2341 1271 2406; x_wconf 88' lang='lat' dir='ltr'><strong>homines</strong></span> 
     </span>
     <span class='ocr_line' id='line_1_12' title="bbox 142 2422 1269 2509; baseline 0.004 -22"><span class='ocrx_word' id='word_1_96' title='bbox 142 2422 226 2489; x_wconf 90' lang='lat' dir='ltr'><strong>docti</strong></span> <span class='ocrx_word' id='word_1_97' title='bbox 249 2423 480 2507; x_wconf 88' lang='lat' dir='ltr'><strong>percensendis</strong></span> <span class='ocrx_word' id='word_1_98' title='bbox 502 2433 535 2489; x_wconf 92' lang='lat' dir='ltr'><strong>et</strong></span> <span class='ocrx_word' id='word_1_99' title='bbox 556 2423 768 2490; x_wconf 74' lang='lat' dir='ltr'><strong>restituendis</strong></span> <span class='ocrx_word' id='word_1_100' title='bbox 790 2425 882 2492; x_wconf 92' lang='lat' dir='ltr'><strong>libris</strong></span> <span class='ocrx_word' id='word_1_101' title='bbox 895 2446 1026 2509; x_wconf 87' lang='lat' dir='ltr'><strong>operam</strong></span> <span class='ocrx_word' id='word_1_102' title='bbox 1049 2434 1269 2493; x_wconf 77' lang='lat' dir='ltr'><strong>navaverunt.</strong></span> 
     </span>
     <span class='ocr_line' id='line_1_13' title="bbox 141 2508 1271 2596; baseline 0.003 -22"><span class='ocrx_word' id='word_1_103' title='bbox 141 2508 227 2574; x_wconf 78' lang='lat' dir='ltr'><strong>(lum</strong></span> <span class='ocrx_word' id='word_1_104' title='bbox 249 2511 337 2574; x_wconf 90' lang='lat' dir='ltr'><strong>enim</strong></span> <span class='ocrx_word' id='word_1_105' title='bbox 360 2509 459 2574; x_wconf 89' lang='lat' dir='ltr'><strong>huius</strong></span> <span class='ocrx_word' id='word_1_106' title='bbox 482 2510 718 2594; x_wconf 82' lang='lat' dir='ltr'><strong>elegantissimi</strong></span> <span class='ocrx_word' id='word_1_107' title='bbox 739 2512 878 2576; x_wconf 86' lang='lat' dir='ltr'><strong>oratoris</strong></span> <span class='ocrx_word' id='word_1_108' title='bbox 896 2512 1066 2596; x_wconf 84' lang='lat' dir='ltr'><strong>exemplar</strong></span> <span class='ocrx_word' id='word_1_109' title='bbox 1088 2532 1218 2595; x_wconf 88' lang='lat' dir='ltr'><strong>semper</strong></span> <span class='ocrx_word' id='word_1_110' title='bbox 1230 2512 1271 2577; x_wconf 91' lang='lat' dir='ltr'><strong>ad</strong></span> 
     </span>
     <span class='ocr_line' id='line_1_14' title="bbox 140 2595 1271 2679; baseline 0.004 -20"><span class='ocrx_word' id='word_1_111' title='bbox 140 2595 336 2660; x_wconf 85' lang='lat' dir='ltr'><strong>imitandum</strong></span> <span class='ocrx_word' id='word_1_112' title='bbox 358 2605 587 2679; x_wconf 89' lang='lat' dir='ltr'><strong>proponerent,</strong></span> <span class='ocrx_word' id='word_1_113' title='bbox 611 2603 863 2662; x_wconf 86' lang='lat' dir='ltr'><strong>consentaneum</strong></span> <span class='ocrx_word' id='word_1_114' title='bbox 885 2605 966 2676; x_wconf 88' lang='lat' dir='ltr'><strong>erat,</strong></span> <span class='ocrx_word' id='word_1_115' title='bbox 990 2619 1045 2664; x_wconf 88' lang='lat' dir='ltr'><strong>eos</strong></span> <span class='ocrx_word' id='word_1_116' title='bbox 1071 2598 1104 2662; x_wconf 94' lang='lat' dir='ltr'><strong>id</strong></span> <span class='ocrx_word' id='word_1_117' title='bbox 1127 2599 1271 2665; x_wconf 87' lang='lat' dir='ltr'><strong>maxime</strong></span> 
     </span>
     <span class='ocr_line' id='line_1_15' title="bbox 141 2681 1271 2769; baseline 0.004 -25"><span class='ocrx_word' id='word_1_118' title='bbox 141 2690 308 2765; x_wconf 73' lang='lat' dir='ltr'><strong>agerent</strong></span> <span class='ocrx_word' id='word_1_119' title='bbox 336 2682 545 2766; x_wconf 86' lang='lat' dir='ltr'><strong>corruptelas,</strong></span> <span class='ocrx_word' id='word_1_120' title='bbox 574 2703 657 2765; x_wconf 85' lang='lat' dir='ltr'><strong>quae</strong></span> <span class='ocrx_word' id='word_1_121' title='bbox 685 2690 742 2747; x_wconf 91' lang='lat' dir='ltr'><strong>aut</strong></span> <span class='ocrx_word' id='word_1_122' title='bbox 769 2681 978 2748; x_wconf 82' lang='lat' dir='ltr'><strong>librariorum</strong></span> <span class='ocrx_word' id='word_1_123' title='bbox 1007 2684 1208 2769; x_wconf 85' lang='lat' dir='ltr'><strong>negligentia</strong></span> <span class='ocrx_word' id='word_1_124' title='bbox 1238 2693 1271 2749; x_wconf 91' lang='lat' dir='ltr'><strong>et</strong></span> 
     </span>
     <span class='ocr_line' id='line_1_16' title="bbox 140 2766 1269 2852; baseline 0.004 -22"><span class='ocrx_word' id='word_1_125' title='bbox 140 2766 268 2833; x_wconf 89' lang='lat' dir='ltr'><strong>incuria</strong></span> <span class='ocrx_word' id='word_1_126' title='bbox 296 2768 497 2850; x_wconf 86' lang='lat' dir='ltr'><strong>irrepserant</strong></span> <span class='ocrx_word' id='word_1_127' title='bbox 523 2769 556 2833; x_wconf 90' lang='lat' dir='ltr'><strong>in</strong></span> <span class='ocrx_word' id='word_1_128' title='bbox 587 2767 687 2833; x_wconf 92' lang='lat' dir='ltr'><strong>libros</strong></span> <span class='ocrx_word' id='word_1_129' title='bbox 719 2769 970 2852; x_wconf 88' lang='lat' dir='ltr'><strong>manuscriptos,</strong></span> <span class='ocrx_word' id='word_1_130' title='bbox 1005 2777 1062 2834; x_wconf 91' lang='lat' dir='ltr'><strong>aut</strong></span> <span class='ocrx_word' id='word_1_131' title='bbox 1090 2770 1269 2835; x_wconf 88' lang='lat' dir='ltr'><strong>doctiorum</strong></span> 
     </span>
     <span class='ocr_line' id='line_1_17' title="bbox 140 2852 1271 2940; baseline 0.004 -24"><span class='ocrx_word' id='word_1_132' title='bbox 140 2854 430 2936; x_wconf 86' lang='lat' dir='ltr'><strong>grammaticorum</strong></span> <span class='ocrx_word' id='word_1_133' title='bbox 453 2852 639 2937; x_wconf 83' lang='lat' dir='ltr'><strong>explicandi</strong></span> <span class='ocrx_word' id='word_1_134' title='bbox 660 2852 766 2918; x_wconf 86' lang='lat' dir='ltr'><strong>studio</strong></span> <span class='ocrx_word' id='word_1_135' title='bbox 789 2862 879 2919; x_wconf 88' lang='lat' dir='ltr'><strong>ortae</strong></span> <span class='ocrx_word' id='word_1_136' title='bbox 902 2862 1006 2933; x_wconf 88' lang='lat' dir='ltr'><strong>erant,</strong></span> <span class='ocrx_word' id='word_1_137' title='bbox 1029 2856 1226 2940; x_wconf 81' lang='lat' dir='ltr'><strong>indagarent</strong></span> <span class='ocrx_word' id='word_1_138' title='bbox 1238 2863 1271 2921; x_wconf 88' lang='lat' dir='ltr'><strong>ct</strong></span> 
     </span>
     <span class='ocr_line' id='line_1_18' title="bbox 141 2938 1268 3024; baseline 0.002 -20"><span class='ocrx_word' id='word_1_139' title='bbox 141 2938 288 3011; x_wconf 88' lang='lat' dir='ltr'><strong>delendis</strong></span> <span class='ocrx_word' id='word_1_140' title='bbox 310 2939 377 3005; x_wconf 90' lang='lat' dir='ltr'><strong>illis</strong></span> <span class='ocrx_word' id='word_1_141' title='bbox 398 2938 501 3006; x_wconf 84' lang='lat' dir='ltr'><strong>verba</strong></span> <span class='ocrx_word' id='word_1_142' title='bbox 522 2941 625 3024; x_wconf 87' lang='lat' dir='ltr'><strong>ipsius</strong></span> <span class='ocrx_word' id='word_1_143' title='bbox 647 2940 788 3004; x_wconf 84' lang='lat' dir='ltr'><strong>auctoris</strong></span> <span class='ocrx_word' id='word_1_144' title='bbox 805 2939 846 3004; x_wconf 88' lang='lat' dir='ltr'><strong>ed</strong></span> <span class='ocrx_word' id='word_1_145' title='bbox 857 2941 1022 3024; x_wconf 83' lang='lat' dir='ltr'><strong>integrum</strong></span> <span class='ocrx_word' id='word_1_146' title='bbox 1045 2942 1268 3008; x_wconf 87' lang='lat' dir='ltr'><strong>restituerent.</strong></span> 
     </span>
     <span class='ocr_line' id='line_1_19' title="bbox 140 3024 1269 3110; baseline 0.003 -20"><span class='ocrx_word' id='word_1_147' title='bbox 140 3026 190 3090; x_wconf 90' lang='lat' dir='ltr'><strong>Ac</strong></span> <span class='ocrx_word' id='word_1_148' title='bbox 213 3047 292 3091; x_wconf 90' lang='lat' dir='ltr'><strong>sane</strong></span> <span class='ocrx_word' id='word_1_149' title='bbox 313 3025 425 3104; x_wconf 88' lang='lat' dir='ltr'><strong>multa,</strong></span> <span class='ocrx_word' id='word_1_150' title='bbox 444 3025 477 3089; x_wconf 91' lang='lat' dir='ltr'><strong>in</strong></span> <span class='ocrx_word' id='word_1_151' title='bbox 511 3024 628 3108; x_wconf 91' lang='lat' dir='ltr'><strong>quibus</strong></span> <span class='ocrx_word' id='word_1_152' title='bbox 662 3045 764 3108; x_wconf 89' lang='lat' dir='ltr'><strong>usque</strong></span> <span class='ocrx_word' id='word_1_153' title='bbox 795 3025 836 3090; x_wconf 88' lang='lat' dir='ltr'><strong>ad</strong></span> <span class='ocrx_word' id='word_1_154' title='bbox 864 3025 899 3091; x_wconf 94' lang='lat' dir='ltr'><strong>id</strong></span> <span class='ocrx_word' id='word_1_155' title='bbox 928 3035 1059 3110; x_wconf 89' lang='lat' dir='ltr'><strong>tempus</strong></span> <span class='ocrx_word' id='word_1_156' title='bbox 1092 3049 1188 3093; x_wconf 90' lang='lat' dir='ltr'><strong>nemo</strong></span> <span class='ocrx_word' id='word_1_157' title='bbox 1217 3029 1269 3093; x_wconf 93' lang='lat' dir='ltr'><strong>in·</strong></span> 
     </span>
     <span class='ocr_line' id='line_1_20' title="bbox 140 3109 1269 3194; baseline 0.003 -19"><span class='ocrx_word' id='word_1_158' title='bbox 140 3109 310 3191; x_wconf 77' lang='lat' dir='ltr'><strong>haesisset,</strong></span> <span class='ocrx_word' id='word_1_159' title='bbox 334 3112 529 3177; x_wconf 87' lang='lat' dir='ltr'><strong>recentiores</strong></span> <span class='ocrx_word' id='word_1_160' title='bbox 558 3110 672 3187; x_wconf 90' lang='lat' dir='ltr'><strong>critici,</strong></span> <span class='ocrx_word' id='word_1_161' title='bbox 702 3111 755 3194; x_wconf 91' lang='lat' dir='ltr'><strong>qui</strong></span> <span class='ocrx_word' id='word_1_162' title='bbox 785 3119 952 3188; x_wconf 86' lang='lat' dir='ltr'><strong>vocantur,</strong></span> <span class='ocrx_word' id='word_1_163' title='bbox 981 3113 1165 3180; x_wconf 84' lang='lat' dir='ltr'><strong>accuratius</strong></span> <span class='ocrx_word' id='word_1_164' title='bbox 1195 3135 1269 3179; x_wconf 91' lang='lat' dir='ltr'><strong>sen·</strong></span> 
     </span>
     <span class='ocr_line' id='line_1_21' title="bbox 139 3195 1269 3280; baseline 0.004 -20"><span class='ocrx_word' id='word_1_165' title='bbox 139 3197 253 3262; x_wconf 88' lang='lat' dir='ltr'><strong>tentiis</strong></span> <span class='ocrx_word' id='word_1_166' title='bbox 275 3205 308 3261; x_wconf 91' lang='lat' dir='ltr'><strong>et</strong></span> <span class='ocrx_word' id='word_1_167' title='bbox 329 3197 438 3264; x_wconf 85' lang='lat' dir='ltr'><strong>verbis</strong></span> <span class='ocrx_word' id='word_1_168' title='bbox 460 3197 630 3280; x_wconf 89' lang='lat' dir='ltr'><strong>perpensis</strong></span> <span class='ocrx_word' id='word_1_169' title='bbox 643 3195 821 3261; x_wconf 89' lang='lat' dir='ltr'><strong>edocebant</strong></span> <span class='ocrx_word' id='word_1_170' title='bbox 843 3219 862 3261; x_wconf 88' lang='lat' dir='ltr'><strong>a</strong></span> <span class='ocrx_word' id='word_1_171' title='bbox 885 3196 1012 3264; x_wconf 91' lang='lat' dir='ltr'><strong>dicendi</strong></span> <span class='ocrx_word' id='word_1_172' title='bbox 1030 3199 1269 3266; x_wconf 90' lang='lat' dir='ltr'><strong>consuetudine</strong></span> 
     </span>
     <span class='ocr_line' id='line_1_22' title="bbox 140 3281 1269 3366; baseline 0.004 -20"><span class='ocrx_word' id='word_1_173' title='bbox 140 3281 308 3347; x_wconf 80' lang='lat' dir='ltr'><strong>Ciceronis</strong></span> <span class='ocrx_word' id='word_1_174' title='bbox 331 3304 463 3366; x_wconf 90' lang='lat' dir='ltr'><strong>prorsus</strong></span> <span class='ocrx_word' id='word_1_175' title='bbox 486 3282 677 3361; x_wconf 89' lang='lat' dir='ltr'><strong>abhorrere;</strong></span> <span class='ocrx_word' id='word_1_176' title='bbox 700 3283 816 3364; x_wconf 89' lang='lat' dir='ltr'><strong>quibus</strong></span> <span class='ocrx_word' id='word_1_177' title='bbox 828 3285 1061 3349; x_wconf 90' lang='lat' dir='ltr'><strong>succurrebant</strong></span> <span class='ocrx_word' id='word_1_178' title='bbox 1078 3293 1135 3350; x_wconf 88' lang='lat' dir='ltr'><strong>aut</strong></span> <span class='ocrx_word' id='word_1_179' title='bbox 1156 3286 1269 3350; x_wconf 91' lang='lat' dir='ltr'><strong>melio·</strong></span> 
     </span>
    </p>
   </div>
   <div class='ocr_carea' id='block_1_2' title="bbox 139 3366 1292 3453">
    <p class='ocr_par' dir='ltr' id='par_1_2' title="bbox 139 3366 1292 3453">
     <span class='ocr_line' id='line_1_23' title="bbox 139 3366 1292 3453; baseline 0.003 -20"><span class='ocrx_word' id='word_1_180' title='bbox 139 3389 214 3433; x_wconf 87' lang='lat' dir='ltr'><strong>rum</strong></span> <span class='ocrx_word' id='word_1_181' title='bbox 236 3366 382 3433; x_wconf 89' lang='lat' dir='ltr'><strong>codicum</strong></span> <span class='ocrx_word' id='word_1_182' title='bbox 405 3368 528 3433; x_wconf 85' lang='lat' dir='ltr'><strong>auxilio</strong></span> <span class='ocrx_word' id='word_1_183' title='bbox 550 3367 663 3445; x_wconf 85' lang='lat' dir='ltr'><strong>adiuti,</strong></span> <span class='ocrx_word' id='word_1_184' title='bbox 691 3368 823 3447; x_wconf 80' lang='lat' dir='ltr'><strong>notite,</strong></span> <span class='ocrx_word' id='word_1_185' title='bbox 847 3376 885 3433; x_wconf 93' lang='lat' dir='ltr'><strong>ut</strong></span> <span class='ocrx_word' id='word_1_186' title='bbox 906 3368 1007 3433; x_wconf 87' lang='lat' dir='ltr'><strong>libros</strong></span> <span class='ocrx_word' id='word_1_187' title='bbox 1029 3372 1292 3453; x_wconf 86' lang='lat' dir='ltr'><strong>manuscriptos</strong></span> 
     </span>
    </p>
   </div>
   <div class='ocr_carea' id='block_1_3' title="bbox 136 3452 1269 4465">
    <p class='ocr_par' dir='ltr' id='par_1_3' title="bbox 136 3452 1269 4465">
     <span class='ocr_line' id='line_1_24' title="bbox 139 3452 1269 3538; baseline 0.001 -20"><span class='ocrx_word' id='word_1_188' title='bbox 139 3454 203 3519; x_wconf 84' lang='lat' dir='ltr'><strong>iam</strong></span> <span class='ocrx_word' id='word_1_189' title='bbox 234 3460 332 3519; x_wconf 88' lang='lat' dir='ltr'><strong>antea</strong></span> <span class='ocrx_word' id='word_1_190' title='bbox 354 3454 487 3519; x_wconf 86' lang='lat' dir='ltr'><strong>collat-os</strong></span> <span class='ocrx_word' id='word_1_191' title='bbox 517 3453 624 3518; x_wconf 90' lang='lat' dir='ltr'><strong>denuo</strong></span> <span class='ocrx_word' id='word_1_192' title='bbox 650 3452 838 3538; x_wconf 85' lang='lat' dir='ltr'><strong>diligentius</strong></span> <span class='ocrx_word' id='word_1_193' title='bbox 861 3455 949 3518; x_wconf 90' lang='lat' dir='ltr'><strong>inter</strong></span> <span class='ocrx_word' id='word_1_194' title='bbox 977 3476 1012 3520; x_wconf 91' lang='lat' dir='ltr'><strong>se</strong></span> <span class='ocrx_word' id='word_1_195' title='bbox 1041 3465 1269 3538; x_wconf 84' lang='lat' dir='ltr'><strong>compararent</strong></span> 
     </span>
     <span class='ocr_line' id='line_1_25' title="bbox 139 3540 1268 3623; baseline 0.001 -17"><span class='ocrx_word' id='word_1_196' title='bbox 139 3549 173 3606; x_wconf 88' lang='lat' dir='ltr'><strong>et</strong></span> <span class='ocrx_word' id='word_1_197' title='bbox 204 3562 306 3606; x_wconf 86' lang='lat' dir='ltr'><strong>novas</strong></span> <span class='ocrx_word' id='word_1_198' title='bbox 341 3547 438 3622; x_wconf 83' lang='lat' dir='ltr'><strong>utque</strong></span> <span class='ocrx_word' id='word_1_199' title='bbox 470 3540 611 3623; x_wconf 91' lang='lat' dir='ltr'><strong>aptiores</strong></span> <span class='ocrx_word' id='word_1_200' title='bbox 644 3546 798 3605; x_wconf 84' lang='lat' dir='ltr'><strong>eruerent</strong></span> <span class='ocrx_word' id='word_1_201' title='bbox 829 3540 992 3607; x_wconf 87' lang='lat' dir='ltr'><strong>lectiones.</strong></span> <span class='ocrx_word' id='word_1_202' title='bbox 1054 3540 1145 3606; x_wconf 90' lang='lat' dir='ltr'><strong>Alios</strong></span> <span class='ocrx_word' id='word_1_203' title='bbox 1182 3543 1268 3608; x_wconf 92' lang='lat' dir='ltr'><strong>locos</strong></span> 
     </span>
     <span class='ocr_line' id='line_1_26' title="bbox 138 3624 1267 3710; baseline -0.001 -18"><span class='ocrx_word' id='word_1_204' title='bbox 138 3635 342 3692; x_wconf 85' lang='lat' dir='ltr'><strong>sanaverunt</strong></span> <span class='ocrx_word' id='word_1_205' title='bbox 374 3626 532 3691; x_wconf 88' lang='lat' dir='ltr'><strong>mutando</strong></span> <span class='ocrx_word' id='word_1_206' title='bbox 565 3626 738 3690; x_wconf 85' lang='lat' dir='ltr'><strong>verborum</strong></span> <span class='ocrx_word' id='word_1_207' title='bbox 771 3624 899 3705; x_wconf 87' lang='lat' dir='ltr'><strong>ordine,</strong></span> <span class='ocrx_word' id='word_1_208' title='bbox 933 3627 1012 3691; x_wconf 90' lang='lat' dir='ltr'><strong>alios</strong></span> <span class='ocrx_word' id='word_1_209' title='bbox 1045 3625 1267 3710; x_wconf 79' lang='lat' dir='ltr'><strong>distinguendi</strong></span> 
     </span>
     <span class='ocr_line' id='line_1_27' title="bbox 138 3711 1267 3796; baseline -0.001 -18"><span class='ocrx_word' id='word_1_210' title='bbox 138 3713 243 3796; x_wconf 84' lang='lat' dir='ltr'><strong>signis</strong></span> <span class='ocrx_word' id='word_1_211' title='bbox 265 3711 525 3795; x_wconf 87' lang='lat' dir='ltr'><strong>transponendis.</strong></span> <span class='ocrx_word' id='word_1_212' title='bbox 571 3711 655 3776; x_wconf 86' lang='lat' dir='ltr'><strong>Aliis</strong></span> <span class='ocrx_word' id='word_1_213' title='bbox 676 3711 815 3792; x_wconf 90' lang='lat' dir='ltr'><strong>denique</strong></span> <span class='ocrx_word' id='word_1_214' title='bbox 837 3712 923 3790; x_wconf 92' lang='lat' dir='ltr'><strong>locis,</strong></span> <span class='ocrx_word' id='word_1_215' title='bbox 952 3712 1008 3795; x_wconf 90' lang='lat' dir='ltr'><strong>qui</strong></span> <span class='ocrx_word' id='word_1_216' title='bbox 1031 3713 1094 3778; x_wconf 89' lang='lat' dir='ltr'><strong>nisi</strong></span> <span class='ocrx_word' id='word_1_217' title='bbox 1117 3714 1267 3778; x_wconf 88' lang='lat' dir='ltr'><strong>artificio·</strong></span> 
     </span>
     <span class='ocr_line' id='line_1_28' title="bbox 137 3796 1268 3881; baseline 0 -17"><span class='ocrx_word' id='word_1_218' title='bbox 137 3799 267 3865; x_wconf 88' lang='lat' dir='ltr'><strong>sissima</strong></span> <span class='ocrx_word' id='word_1_219' title='bbox 288 3798 527 3879; x_wconf 85' lang='lat' dir='ltr'><strong>interpretandi</strong></span> <span class='ocrx_word' id='word_1_220' title='bbox 550 3798 674 3862; x_wconf 89' lang='lat' dir='ltr'><strong>ratione</strong></span> <span class='ocrx_word' id='word_1_221' title='bbox 696 3796 835 3880; x_wconf 80' lang='lat' dir='ltr'><strong>intclligi</strong></span> <span class='ocrx_word' id='word_1_222' title='bbox 860 3806 893 3861; x_wconf 94' lang='lat' dir='ltr'><strong>ct</strong></span> <span class='ocrx_word' id='word_1_223' title='bbox 916 3797 1045 3863; x_wconf 83' lang='lat' dir='ltr'><strong>defendi</strong></span> <span class='ocrx_word' id='word_1_224' title='bbox 1069 3819 1134 3862; x_wconf 91' lang='lat' dir='ltr'><strong>non</strong></span> <span class='ocrx_word' id='word_1_225' title='bbox 1158 3807 1268 3881; x_wconf 88' lang='lat' dir='ltr'><strong>petuo·</strong></span> 
     </span>
     <span class='ocr_line' id='line_1_29' title="bbox 137 3882 1266 3966; baseline 0.001 -18"><span class='ocrx_word' id='word_1_226' title='bbox 137 3893 236 3962; x_wconf 69' lang='lat' dir='ltr'><strong>runt,v</strong></span> <span class='ocrx_word' id='word_1_227' title='bbox 249 3885 296 3948; x_wconf 88' lang='lat' dir='ltr'><strong>ita</strong></span> <span class='ocrx_word' id='word_1_228' title='bbox 313 3883 536 3962; x_wconf 85' lang='lat' dir='ltr'><strong>madebantur‚</strong></span> <span class='ocrx_word' id='word_1_229' title='bbox 555 3893 593 3947; x_wconf 91' lang='lat' dir='ltr'><strong>ut</strong></span> <span class='ocrx_word' id='word_1_230' title='bbox 610 3882 757 3948; x_wconf 89' lang='lat' dir='ltr'><strong>codicum</strong></span> <span class='ocrx_word' id='word_1_231' title='bbox 772 3883 911 3966; x_wconf 79' lang='lat' dir='ltr'><strong>vestigia</strong></span> <span class='ocrx_word' id='word_1_232' title='bbox 929 3884 1032 3949; x_wconf 89' lang='lat' dir='ltr'><strong>secuti</strong></span> <span class='ocrx_word' id='word_1_233' title='bbox 1050 3884 1266 3966; x_wconf 87' lang='lat' dir='ltr'><strong>probabiliora</strong></span> 
     </span>
     <span class='ocr_line' id='line_1_30' title="bbox 137 3966 1265 4054; baseline -0.002 -19"><span class='ocrx_word' id='word_1_234' title='bbox 137 3991 196 4054; x_wconf 89' lang='lat' dir='ltr'><strong>per</strong></span> <span class='ocrx_word' id='word_1_235' title='bbox 214 3971 433 4036; x_wconf 88' lang='lat' dir='ltr'><strong>coniecturam</strong></span> <span class='ocrx_word' id='word_1_236' title='bbox 451 3970 619 4033; x_wconf 88' lang='lat' dir='ltr'><strong>inferrent.</strong></span> <span class='ocrx_word' id='word_1_237' title='bbox 657 3966 724 4033; x_wconf 80' lang='lat' dir='ltr'><strong>Sed</strong></span> <span class='ocrx_word' id='word_1_238' title='bbox 742 3967 821 4049; x_wconf 93' lang='lat' dir='ltr'><strong>quid</strong></span> <span class='ocrx_word' id='word_1_239' title='bbox 844 3968 904 4033; x_wconf 92' lang='lat' dir='ltr'><strong>hoc</strong></span> <span class='ocrx_word' id='word_1_240' title='bbox 925 3968 1073 4052; x_wconf 88' lang='lat' dir='ltr'><strong>pluribus</strong></span> <span class='ocrx_word' id='word_1_241' title='bbox 1094 3990 1265 4050; x_wconf 84' lang='lat' dir='ltr'><strong>exponam,</strong></span> 
     </span>
     <span class='ocr_line' id='line_1_31' title="bbox 137 4052 1265 4136; baseline -0.003 -15"><span class='ocrx_word' id='word_1_242' title='bbox 137 4077 211 4122; x_wconf 90' lang='lat' dir='ltr'><strong>cum</strong></span> <span class='ocrx_word' id='word_1_243' title='bbox 239 4056 319 4120; x_wconf 88' lang='lat' dir='ltr'><strong>satis</strong></span> <span class='ocrx_word' id='word_1_244' title='bbox 341 4062 476 4130; x_wconf 86' lang='lat' dir='ltr'><strong>constet,</strong></span> <span class='ocrx_word' id='word_1_245' title='bbox 506 4062 628 4136; x_wconf 88' lang='lat' dir='ltr'><strong>quanta</strong></span> <span class='ocrx_word' id='word_1_246' title='bbox 654 4054 689 4116; x_wconf 94' lang='lat' dir='ltr'><strong>in</strong></span> <span class='ocrx_word' id='word_1_247' title='bbox 717 4052 802 4118; x_wconf 86' lang='lat' dir='ltr'><strong>hanc</strong></span> <span class='ocrx_word' id='word_1_248' title='bbox 831 4062 957 4136; x_wconf 88' lang='lat' dir='ltr'><strong>partem</strong></span> <span class='ocrx_word' id='word_1_249' title='bbox 985 4055 1053 4121; x_wconf 91' lang='lat' dir='ltr'><strong>sint</strong></span> <span class='ocrx_word' id='word_1_250' title='bbox 1078 4055 1265 4120; x_wconf 92' lang='lat' dir='ltr'><strong>criticorum</strong></span> 
     </span>
     <span class='ocr_line' id='line_1_32' title="bbox 137 4139 1266 4223; baseline -0.001 -18"><span class='ocrx_word' id='word_1_251' title='bbox 137 4140 276 4207; x_wconf 85' lang='lat' dir='ltr'><strong>merita?</strong></span> <span class='ocrx_word' id='word_1_252' title='bbox 311 4140 380 4206; x_wconf 89' lang='lat' dir='ltr'><strong>Noc</strong></span> <span class='ocrx_word' id='word_1_253' title='bbox 409 4140 517 4218; x_wconf 88' lang='lat' dir='ltr'><strong>refert,</strong></span> <span class='ocrx_word' id='word_1_254' title='bbox 548 4159 658 4205; x_wconf 90' lang='lat' dir='ltr'><strong>eorum</strong></span> <span class='ocrx_word' id='word_1_255' title='bbox 683 4139 817 4203; x_wconf 88' lang='lat' dir='ltr'><strong>nomina</strong></span> <span class='ocrx_word' id='word_1_256' title='bbox 840 4160 1040 4217; x_wconf 89' lang='lat' dir='ltr'><strong>enumerare,</strong></span> <span class='ocrx_word' id='word_1_257' title='bbox 1059 4140 1115 4222; x_wconf 88' lang='lat' dir='ltr'><strong>qui</strong></span> <span class='ocrx_word' id='word_1_258' title='bbox 1138 4148 1266 4223; x_wconf 86' lang='lat' dir='ltr'><strong>praeter</strong></span> 
     </span>
     <span class='ocr_line' id='line_1_33' title="bbox 137 4222 1265 4293; baseline -0.003 0"><span class='ocrx_word' id='word_1_259' title='bbox 137 4235 262 4293; x_wconf 88' lang='lat' dir='ltr'><strong>cetoros</strong></span> <span class='ocrx_word' id='word_1_260' title='bbox 291 4226 327 4290; x_wconf 93' lang='lat' dir='ltr'><strong>in</strong></span> <span class='ocrx_word' id='word_1_261' title='bbox 360 4224 416 4290; x_wconf 88' lang='lat' dir='ltr'><strong>illa</strong></span> <span class='ocrx_word' id='word_1_262' title='bbox 447 4234 517 4291; x_wconf 88' lang='lat' dir='ltr'><strong>arte</strong></span> <span class='ocrx_word' id='word_1_263' title='bbox 550 4222 732 4290; x_wconf 87' lang='lat' dir='ltr'><strong>exercende</strong></span> <span class='ocrx_word' id='word_1_264' title='bbox 766 4224 817 4290; x_wconf 88' lang='lat' dir='ltr'><strong>vel</strong></span> <span class='ocrx_word' id='word_1_265' title='bbox 851 4223 1031 4290; x_wconf 77' lang='lat' dir='ltr'><strong>factitando</strong></span> <span class='ocrx_word' id='word_1_266' title='bbox 1065 4226 1265 4291; x_wconf 84' lang='lat' dir='ltr'><strong>excellentes</strong></span> 
     </span>
     <span class='ocr_line' id='line_1_34' title="bbox 136 4308 1265 4379; baseline -0.002 -1"><span class='ocrx_word' id='word_1_267' title='bbox 136 4314 335 4379; x_wconf 88' lang='lat' dir='ltr'><strong>exstiterunt</strong></span> <span class='ocrx_word' id='word_1_268' title='bbox 356 4318 389 4376; x_wconf 89' lang='lat' dir='ltr'><strong>et</strong></span> <span class='ocrx_word' id='word_1_269' title='bbox 406 4310 489 4376; x_wconf 87' lang='lat' dir='ltr'><strong>bene</strong></span> <span class='ocrx_word' id='word_1_270' title='bbox 511 4311 621 4375; x_wconf 91' lang='lat' dir='ltr'><strong>meriti</strong></span> <span class='ocrx_word' id='word_1_271' title='bbox 643 4317 721 4375; x_wconf 93' lang='lat' dir='ltr'><strong>sunt</strong></span> <span class='ocrx_word' id='word_1_272' title='bbox 740 4308 890 4374; x_wconf 73' lang='lat' dir='ltr'><strong>cadunii</strong></span> <span class='ocrx_word' id='word_1_273' title='bbox 913 4309 1123 4376; x_wconf 86' lang='lat' dir='ltr'><strong>orationibus.</strong></span> <span class='ocrx_word' id='word_1_274' title='bbox 1158 4312 1265 4377; x_wconf 90' lang='lat' dir='ltr'><strong>Unius</strong></span> 
     </span>
     <span class='ocr_line' id='line_1_35' title="bbox 1078 4411 1107 4465; baseline 0 -27"><span class='ocrx_word' id='word_1_275' title='bbox 1078 4411 1107 4465; x_wconf 67' lang='lat'><strong>1·</strong></span> 
     </span>
    </p>
   </div>
   <div class='ocr_carea' id='block_1_4' title="bbox 1308 4231 1347 4388">
    <p class='ocr_par' dir='ltr' id='par_1_4' title="bbox 1308 4231 1347 4388">
     <span class='ocr_line' id='line_1_36' title="bbox 1308 4231 1347 4388; baseline 0 -65"><span class='ocrx_word' id='word_1_276' title='bbox 1308 4231 1347 4388; x_wconf 49' lang='lat' dir='ltr'><strong>p</strong></span> 
     </span>
    </p>
   </div>
   <div class='ocr_carea' id='block_1_5' title="bbox 1299 4388 1312 4418">
    <p class='ocr_par' dir='ltr' id='par_1_5' title="bbox 1299 4388 1312 4418">
     <span class='ocr_line' id='line_1_37' title="bbox 1299 4388 1312 4418; baseline 0 0"><span class='ocrx_word' id='word_1_277' title='bbox 1299 4388 1312 4418; x_wconf 65' lang='lat' dir='ltr'><strong>X</strong></span> 
     </span>
    </p>
   </div>
   <div class='ocr_carea' id='block_1_6' title="bbox 1290 4408 1398 4562">
    <p class='ocr_par' dir='ltr' id='par_1_6' title="bbox 1290 4408 1398 4562">
     <span class='ocr_line' id='line_1_38' title="bbox 1290 4408 1398 4562; baseline 0 0"><span class='ocrx_word' id='word_1_278' title='bbox 1290 4414 1300 4443; x_wconf 63' lang='lat'>‘</span> <span class='ocrx_word' id='word_1_279' title='bbox 1370 4408 1398 4562; x_wconf 85' lang='lat' dir='ltr'><strong>l</strong></span> 
     </span>
    </p>
   </div>
   <div class='ocr_carea' id='block_1_7' title="bbox 0 0 1414 4822">
    <p class='ocr_par' dir='ltr' id='par_1_7' title="bbox 0 0 1414 4822">
     <span class='ocr_line' id='line_1_39' title="bbox 0 0 1414 4822; baseline 0 3"><span class='ocrx_word' id='word_1_280' title='bbox 0 0 1414 4822; x_wconf 95' lang='lat' dir='ltr'><strong> </strong></span> 
     </span>
    </p>
   </div>
  </div>
 </body>
</html>
