2820 4822
619 314 790 380 ..45-

141 483 293 566 pluribus
317 482 425 551 verbis
447 503 525 550 usus
547 485 619 563 sim,
644 507 740 568 quam
763 487 879 569 quibus
901 506 981 569 opus
1003 485 1047 553 sit
1069 488 1110 554 ad
1132 491 1200 555 tam
1222 490 1272 562 in·

143 590 240 634 anem
263 570 460 636 sententiam
483 571 703 636 refellendam.

229 656 270 721 In
292 659 315 740 §.
344 662 390 736 18,
413 657 468 721 ubi
487 657 602 723 Cicero
624 679 664 721 ex
687 658 927 738 comparatione
947 658 1101 726 victoriae
1120 660 1272 728 (laeseris

142 747 177 806 et
199 740 364 821 victoriae,
393 741 497 825 qualis
526 743 638 807 futura
665 743 788 822 fnisset,
817 744 973 827 Pompeii,
1003 744 1091 812 illius
1118 747 1273 813 laudandi

142 828 277 893 arcessit
299 831 478 905 materiam,
502 829 793 894 constructionem:
820 829 987 907 „Alterius
1008 852 1087 898 vero
1109 835 1212 916 partis
1231 871 1272 880 —

142 913 332 980 victoriam‘
358 913 476 979 duram
497 921 531 979 et
552 913 742 997 perplexam
763 914 906 980 Wolfins
929 927 1101 1000 nuncupat
1123 926 1157 985 et
1179 919 1272 986 dubi·

142 1007 200 1077 tat,
230 1021 310 1064 num
332 999 438 1065 simile
461 999 538 1083 quid
565 999 652 1082 apud
675 999 867 1066 Ciceronem
894 1001 1039 1085 legatur:
1070 1004 1174 1070 Plane
1196 1025 1272 1070 oon-

142 1085 282 1150 trarium
304 1085 462 1151 iudicium
485 1086 547 1151 hae
570 1084 609 1151 de
632 1092 797 1152 structura
819 1087 894 1151 tulit
915 1087 1035 1166 Kalaa,
1058 1090 1150 1156 cuins
1173 1113 1272 1174 supra

141 1171 343 1236 mentionem
366 1172 434 1237 feci.
478 1170 544 1237 Hic
566 1171 654 1236 enim
680 1171 766 1238 banc
796 1171 972 1254 periodum
988 1184 1140 1242 numerat
1166 1176 1271 1243 ineis

143 1257 316 1341 exemplis,
351 1256 437 1322 unde
467 1257 635 1322 commode
665 1258 804 1341 perspici
837 1260 939 1340 possit
968 1261 1109 1326 Latinae
1137 1262 1271 1346 linguae

141 1341 277 1407 indoles.
315 1341 433 1407 Neutri
454 1364 588 1426 prorsus
610 1342 854 1409 assentiendum
876 1344 958 1409 mihi
980 1346 1120 1412 videtur.
1160 1347 1272 1414 Habet

142 1448 221 1493 sane
249 1429 329 1493 haec
358 1429 557 1494 constructio
587 1429 711 1512 aliquid
744 1429 950 1509 insolentiae,
983 1432 1068 1515 quod
1098 1442 1210 1499 tamen
1239 1444 1272 1500 et

142 1514 282 1578 aliorum
298 1513 442 1580 locorum
460 1513 675 1580 similitudine
693 1512 822 1579 defendi
841 1521 874 1580 et
896 1515 1097 1600 singularem
1115 1521 1271 1586 orationis

142 1607 298 1665 naturam
321 1621 476 1667 excusare
498 1601 610 1685 possit.
645 1599 856 1666 Structorem
875 1609 984 1667 autem
1007 1605 1053 1671 sic
1072 1606 1141 1670 fere
1163 1614 1270 1672 ortam

142 1706 212 1753 esse
241 1692 331 1769 puto.
375 1686 498 1752 Orator
530 1686 564 1751 iri
597 1687 705 1752 verbis
737 1685 904 1764 „Alterius
933 1710 1010 1755 vero
1043 1691 1163 1773 partis“
1194 1691 1270 1774 plus

141 1772 299 1838 momenti
321 1779 355 1838 et
378 1771 533 1855 ponderis
559 1772 667 1837 inesse
689 1772 801 1851 voluit,
829 1773 939 1856 itaque
964 1775 1000 1838 in
1029 1775 1122 1840 initio
1145 1777 1269 1859 periodi

142 1858 312 1924 collocavit
340 1878 378 1923 ea
408 1859 454 1923 sic
482 1866 688 1942 perrecturus
720 1858 839 1936 ,nimis
866 1859 1022 1926 iracunda
1054 1861 1170 1929 fuisset
1202 1864 1269 1931 vio·

141 1945 253 2010 toria.“
300 1943 438 2011 Incertis
461 1951 570 2009 autem
592 1944 710 2016 verbis,
736 1943 836 2022 „nihil
863 1946 1004 2028 amplius
1026 1945 1142 2027 dicam,
1171 1970 1269 2033 quam

141 2028 175 2094 id
196 2029 282 2113 quod
305 2051 417 2096 omnes
438 2028 649 2096 verebamur“
679 2030 803 2113 impetu
825 2033 965 2097 oratorio
986 2033 1140 2100 seductus
1161 2043 1269 2101 muta·

141 2116 192 2180 rit
213 2117 487 2182 constructionem
509 2125 540 2180 et
567 2114 649 2180 illud
677 2116 886 2181 enuntiatum
908 2119 1007 2184 verbo
1036 2119 1163 2187 dicendi
1191 2123 1268 2188 sub-

142 2202 259 2267 iunxit.
294 2201 455 2268 Similiter
476 2201 625 2286 neglecta
665 2203 855 2269 rammatica
877 2204 1003 2271 ratione
1022 2205 1136 2272 Cicero
1156 2207 1270 2273 scribit

143 2287 182 2353 de
204 2288 287 2372 Rep.
310 2287 337 2352 Ι.
360 2290 384 2371 ξ.
408 2293 464 2352 58:
498 2289 553 2366 ‚,si,
578 2296 615 2351 ut
671 2290 758 2357 raeci
781 2287 902 2369 dicunt,
928 2312 1039 2358 omnes
1069 2299 1127 2356 aut
1149 2293 1269 2359 Graios

142 2394 212 2440 esse
236 2381 292 2439 aut
321 2375 505 2454 barbaras,“
536 2372 621 2457 qnod
644 2373 831 2458 exemplum
852 2375 919 2439 iam
942 2376 1119 2443 Richterus
1149 2378 1267 2444 attulit.

142 2462 191 2526 Ao
206 2459 302 2526 facile
320 2459 430 2544 colligi
447 2469 584 2544 possunt
600 2460 654 2524 alii
670 2460 740 2539 loci,
759 2461 813 2544 qui
830 2482 1029 2545 quamquam
1041 2462 1129 2528 haud
1144 2464 1209 2530 scio
1225 2487 1268 2529 an

142 2546 247 2630 magis
269 2546 463 2629 perplexum
485 2545 539 2612 vel
562 2545 674 2612 durius
696 2567 801 2630 genus
829 2548 987 2630 praebent
1009 2551 1268 2630 constructionis,
1379 2588 1381 2592 ·

142 2639 251 2698 tamen
269 2653 438 2714 nunquam
450 2631 607 2698 Cicerone
629 2630 757 2715 lndlgnl
779 2633 912 2720 iudicati
931 2641 1019 2712 sunt,
1042 2635 1133 2702 volut
1148 2637 1267 2703 Famil.

141 2718 218 2783 XV.
243 2721 261 2781 6
294 2718 384 2802 „ligo
413 2738 490 2785 vero
519 2717 572 2784 vel
601 2717 818 2801 gratulatione
846 2718 1031 2785 litterarum
1062 2731 1193 2787 tuarum
1216 2722 1269 2790 vel

141 2803 339 2870 testimoniis
367 2803 548 2869 sententiae
571 2802 676 2868 dictae
698 2802 779 2868 nihil
802 2810 866 2881 est,
897 2805 982 2888 quod
1004 2829 1056 2872 me
1084 2830 1152 2874 non
1181 2830 1269 2875 asse·

142 2896 256 2956 cutum
278 2896 420 2973 putem.“

227 2975 294 3042 Sed
316 2976 416 3042 missa
445 2975 506 3041 bac
537 2995 582 3055 re,
611 2995 694 3057 quae
721 2975 852 3042 levioris
880 2979 1037 3044 momenti
1066 2985 1130 3059 ost,
1159 2981 1193 3044 in
1221 2980 1268 3046 eis

142 3062 249 3145 potius
272 3059 484 3127 defendendis
506 3081 638 3144 operam
665 3081 837 3144 ponamus,
868 3083 951 3147 quae
978 3064 1007 3130 si
1035 3072 1123 3131 recte
1150 3086 1169 3130 a
1195 3066 1268 3133 viro

123 3145 237 3219 ,docto
262 3148 466 3232 castigantur
492 3166 685 3230 summoque
714 3156 842 3214 oratore
871 3170 937 3214 non
959 3148 1060 3234 digna
1087 3151 1159 3216 iure
1187 3151 1268 3218 iudi-

142 3241 267 3385 cantlnr,
296 3239 372 3316 apta
394 3233 461 3298 sint
482 3231 523 3298 ad
551 3241 654 3298 totam
683 3235 865 3321 orationem
891 3235 925 3300 in
954 3234 1189 3304 dubitationem
1211 3259 1267 3306 ro-

142 3340 202 3386 oan
227 3339 288 3384 am.
1120 3357 1138 3391 μ

228 3405 281 3471 Ad
311 3407 334 3488 ξ.
369 3410 415 3470 19.
459 3404 601 3472 Wolfius
634 3406 715 3472 haec
747 3405 895 3471 adnotat:
937 3407 1117 3492 „Pleraque
1150 3409 1268 3476 horum

141 3511 245 3575 aequo
268 3491 377 3556 animo
398 3490 591 3575 legeremus,
621 3493 649 3557 si
671 3491 863 3558 Ciceronem
884 3491 938 3559 hic
959 3492 1025 3577 legi
1045 3495 1137 3562 nobis
1158 3495 1269 3580 priora

141 3577 391 3662 persuasissent.
435 3577 549 3661 Neque
571 3599 650 3644 vero
673 3577 792 3645 desunt
814 3580 847 3644 h.
870 3579 902 3660 l.,
924 3599 1006 3662 quae
1024 3579 1139 3648 Oioero
1161 3580 1268 3648 dicere

141 3668 198 3729 aut
219 3662 360 3729 scribere
382 3663 439 3729 vix
461 3685 498 3730 ac
527 3685 567 3729 ne
590 3665 647 3732 rix
669 3663 800 3747 quidem
822 3666 992 3748 potuisset,
1036 3665 1197 3734 Inusitata
1217 3677 1269 3735 est

140 3749 227 3814 enim
260 3750 294 3814 in
327 3749 506 3815 vetustiore
533 3749 717 3816 Latinitate
750 3758 914 3818 structura
941 3751 1035 3816 haec:
1069 3754 1184 3821 virtuti
1214 3753 1266 3822 vel

138 3834 287 3900 felicitati
308 3855 385 3900 suae
405 3835 594 3919 gratulari.“

225 3920 327 3986 Nobis
348 3941 543 4003 persuasum
566 3928 625 4000 est,
661 3921 713 3988 hic
741 3921 807 4006 legi
830 3922 1031 4004 Ciceronem,
1063 3925 1266 4009 eundemque

138 4005 322 4090 scripsisse:
348 4006 512 4084 ,felicitati
532 4015 606 4073 tuae
625 4006 862 4092 gratulabere.“
891 4007 987 4090 Quod
999 4018 1037 4075 ut
1054 4011 1264 4091 affirmemus,

138 4090 352 4157 admonemur
382 4093 434 4157 his
457 4092 582 4159 duobus
612 4093 700 4160 locis.
747 4092 812 4160 oie.
835 4094 927 4160 Fam.
952 4095 1010 4162 IV.
1035 4100 1064 4176 8,
1089 4101 1121 4162 l:
1153 4104 1265 4181 gratu·

137 4176 199 4243 lari
220 4179 326 4262 magis
349 4179 462 4243 virtuti
493 4178 606 4258 debeo,
637 4201 735 4262 quam
762 4179 923 4246 consolari
952 4181 1096 4247 dolorem
1117 4190 1211 4248 tuum
1234 4191 1266 4248 et

137 4262 200 4333 IX.
217 4269 264 4343 14,
277 4268 296 4327 7
318 4264 478 4348 gratulari
496 4265 644 4332 felicitati
662 4274 738 4332 tuae
756 4267 795 4335 of.
808 4264 923 4347 Quint.
936 4267 990 4334 lib.
1003 4266 1063 4332 VI.
1076 4290 1218 4352 prooem.
1232 4272 1266 4352 83
