2820 4822
576 328 748 393 435..

100 496 273 579 videntur,
304 502 365 566 hoc
396 522 523 585 quoque
554 500 625 566 loco
655 500 875 584 corruptelam
911 499 1118 568 statuendam
1152 526 1232 588 esse,

100 591 197 668 atque
220 591 288 651 tota
317 587 378 652 loci
407 586 579 666 sententia,
610 607 694 669 quae
723 593 833 670 aperte
863 585 1032 654 Ciceronis
1062 589 1231 674 ingenium

100 671 212 755 spirat,
236 694 295 738 nos
318 674 405 758 cogit
426 672 674 755 quodammode,
697 681 734 737 ut
751 681 912 738 oratorem
939 695 1138 759 „sensusque
1156 684 1230 743 eos“

100 758 268 840 scripsisse
301 769 464 842 putemus,
495 758 529 822 id
562 757 647 841 quod
681 759 747 823 iam
769 759 923 825 Faernus
956 761 1085 826 restitui
1113 763 1230 829 voluit.

99 842 271 910 Habemus
293 845 395 929 igitur
417 843 721 910 manifestissimum
745 845 777 908 h.
800 844 821 909 l.
844 865 962 926 operae
985 843 1110 911 librarii
1131 849 1231 913 vesti·

99 929 209 1079 piram,
240 931 326 1012 quod
356 930 486 1009 doceat,
519 930 630 1013 quales
661 929 827 996 iudicandi
857 931 926 996 sint
953 931 1051 997 huius
1079 935 1233 999 orationis

99 1036 136 1081 eo
161 1037 235 1082 roes.

184 1101 226 1166 In
239 1101 356 1167 eadem
367 1104 389 1185 §.
405 1101 549 1166 Wolfius
566 1100 764 1185 perstringit
785 1100 953 1167 audaciam
965 1102 1131 1187 imaginis,
1149 1125 1231 1188 quae

99 1187 179 1252 insit
201 1187 235 1252 in
257 1187 383 1253 verbis:
416 1188 592 1264 „Parietes
615 1207 667 1251 me
690 1185 763 1251 dius
785 1185 898 1266 fidius,
923 1195 961 1252 ut
983 1188 1066 1253 mihi
1088 1189 1230 1272 videtur,

98 1272 198 1338 huius
225 1273 334 1339 curiae
364 1273 424 1338 tibi
451 1273 574 1358 gratias
601 1293 698 1356 agere
729 1272 912 1356 gestiunt‘:
957 1274 1065 1359 Negat
1093 1284 1127 1340 et
1153 1297 1228 1360 per·

98 1367 214 1443 negat,
254 1380 327 1424 eam
374 1358 623 1424 Ciceronianam
668 1379 757 1436 esse,
802 1366 835 1422 et
875 1366 986 1424 censet
1016 1360 1132 1440 talem,
1163 1370 1230 1427 tarn

98 1443 264 1524 audacem,
289 1467 331 1510 ne
352 1445 438 1528 apud
470 1444 574 1508 ullum
603 1444 734 1526 quidem
764 1444 960 1527 scriptorem
990 1468 1032 1510 ex
1060 1447 1117 1512 illo
1145 1450 1229 1512 anti·

99 1531 247 1612 quiorum
270 1537 304 1596 et
325 1531 536 1597 classicorum
558 1527 671 1594 ordine
694 1526 841 1611 reperiri.
901 1543 902 1546 ’

183 1615 227 1680 Η.
257 1615 423 1699 Sanppius
454 1615 684 1680 dilectissimus
714 1622 906 1698 praeceptor
938 1616 1113 1699 aliquando
1143 1617 1229 1684 hanc

99 1721 248 1767 normam
270 1702 447 1786 proposuit.
493 1701 634 1766 Necesse
657 1721 728 1766 esse
751 1699 844 1780 dixit,
867 1709 906 1765 ut
929 1702 967 1782 is,
989 1703 1045 1786 qui
1067 1712 1228 1770 oratorem

98 1787 240 1870 aliquem
262 1796 403 1854 tractore
427 1787 534 1866 vellet,
566 1794 641 1853 ante
664 1786 774 1851 omnia
796 1788 908 1853 vivam
931 1789 1001 1854 eius
1024 1791 1116 1871 quasi
1146 1792 1228 1855 ima·

98 1874 208 1959 ginem
242 1873 413 1958 cogitando
446 1871 507 1938 sibi
540 1871 721 1955 effingeret,
750 1872 798 1936 ita
826 1880 864 1938 ut
885 1895 957 1938 eam
990 1875 1083 1958 quasi
1116 1878 1227 1943 animo

98 1959 219 2025 intueri
242 1959 416 2026 videretur.
468 1958 531 2025 Cui
549 1958 686 2042 imagini
708 1959 736 2024 si
758 1959 834 2040 quid
856 1958 1007 2025 omnibus
1040 1961 1228 2027 verisimili-

98 2046 223 2110 tudinis
261 2045 434 2111 momentis
468 2044 709 2111 accuratissime
746 2044 918 2128 pensitatis
953 2067 1020 2111 non
1054 2049 1228 2114 convenire

97 2131 324 2211 intellexisset,
349 2141 419 2196 tum
441 2131 572 2195 demum
590 2130 623 2194 id
646 2129 685 2194 ab
704 2130 881 2195 aedictum
904 2131 956 2196 rel
974 2132 1131 2215 scriptum
1157 2136 1229 2200 iure

98 2239 173 2282 eum
196 2239 292 2301 posse
314 2239 442 2302 negare.

184 2305 293 2370 Huius
315 2304 482 2386 praecepti
503 2323 629 2367 memor
657 2300 698 2366 ad
728 2302 813 2367 hanc
841 2302 1024 2368 orationem
1052 2304 1227 2388 legendam

99 2391 219 2456 accessi
242 2398 276 2456 et
297 2410 426 2472 semper
448 2388 641 2455 Ciceronem
663 2408 722 2470 pro
745 2388 902 2455 Marcello
929 2389 1115 2473 loquentem
1143 2391 1227 2455 mihi

98 2475 181 2541 finxi
215 2497 341 2540 summo
371 2473 500 2541 dicendi
545 2473 659 2540 ardore
688 2473 877 2554 incitatum3
906 2496 969 2558 quo
1004 2476 1126 2543 factum
1155 2499 1226 2542 esse

97 2572 187 2643 puto,
216 2573 252 2627 ut
279 2583 345 2626 non
372 2582 453 2641 eam,
466 2613 469 2618 .
484 2582 582 2644 quam
611 2558 755 2625 Wolfius
784 2560 921 2640 invenit,
951 2561 1160 2626 insolentiam
1189 2564 1226 2627 in

97 2646 154 2710 illa
176 2649 284 2732 figura
305 2648 414 2712 inesse
435 2647 591 2712 riderem.
643 2642 711 2710 Sed
739 2667 780 2710 ne
809 2665 898 2710 nunc
920 2645 1052 2728 quidem
1081 2649 1225 2731 perlecta

96 2732 212 2798 Wolfii
240 2733 449 2798 adnotatione
471 2731 649 2815 quidquam
669 2732 703 2794 in
726 2752 764 2796 ea
785 2732 941 2799 >invenire
969 2753 1110 2815 possum,
1139 2734 1225 2817 quod

96 2817 250 2884 audacius
292 2820 344 2897 sit,
384 2840 480 2901 quam
521 2824 559 2881 ut
598 2839 616 2881 a
651 2817 808 2883 Cicerone
848 2819 1028 2900 profectum
1061 2827 1223 2903 putemus.

96 2902 262 2971 Sexeenta
284 2906 371 2969 enirn
393 2903 475 2968 mihi
496 2904 531 2968 in
549 2909 705 2986 promptu
727 2911 804 2968 sunt
822 2905 979 2987 exempla,
1008 2926 1092 2987 qnae
1110 2911 1223 2970 utrum

95 2988 177 3072 plus,
201 3011 243 3056 an
262 2991 372 3056 minus
384 2989 526 3055 habeant
538 2989 700 3068 audaciae,
724 3010 822 3072 quam
834 2990 888 3055 hic
899 2990 998 3068 locus,
1017 2991 1077 3056 vix
1095 3012 1224 3056 summa

94 3074 260 3142 iudicandi
282 3076 464 3143 subtilitate
486 3074 640 3141 constitui
662 3077 774 3157 possit,
799 3096 879 3158 quae
909 3083 1021 3141 tamen
1053 3098 1222 3161 nunquam

95 3163 246 3245 cuiquam
274 3163 310 3226 in
337 3167 483 3227 mentem
518 3161 644 3245 venerit
675 3161 714 3226 ab
743 3161 803 3226 hoe
831 3170 960 3227 oratore
988 3161 1151 3228 abiudare.
1181 3201 1221 3210 -

95 3245 243 3328 Quorum
264 3247 423 3312 nonnulla
445 3247 562 3311 afferre
584 3247 686 3311 iuvat.
739 3246 779 3310 In
802 3247 912 3312 Pison.
937 3252 974 3310 21
1005 3270 1080 3314 cum
1108 3270 1222 3314 omnes

95 3333 170 3399 boni
193 3334 295 3400 abditi
324 3333 506 3416 inclusique
536 3341 744 3411 maererent,
767 3333 890 3415 templa
923 3343 1107 3416 gemerent,
1136 3343 1222 3400 tecta

93 3419 165 3502 ipsa
187 3418 278 3486 urbis
300 3420 451 3504 lugerent
475 3455 512 3465 —
537 3427 570 3483 et
591 3416 659 3484 ibid
680 3420 703 3502 ξ.
728 3423 766 3482 52
789 3440 871 3502 quac
888 3440 941 3483 me
963 3420 1010 3483 ita
1028 3423 1160 3503 accepit,
1184 3428 1222 3486 ut

93 3505 192 3572 etiam
226 3506 357 3570 moenia
389 3506 461 3588 ipsa
494 3503 686 3572 viderentur
720 3510 754 3568 et
793 3509 879 3571 tecta
911 3506 1000 3571 urbis
1034 3515 1067 3570 et
1099 3508 1221 3589 templa

93 3589 211 3656 laetari
230 3629 270 3639 -
284 3592 378 3656 Fam.
391 3591 451 3655 VI.
472 3593 500 3654 3.
534 3589 572 3652 In
593 3611 632 3654 ea
649 3611 684 3656 es
703 3590 793 3669 urbe,
812 3590 938 3673 inqua,
957 3591 1037 3656 haec
1055 3591 1109 3657 vel
1126 3592 1221 3674 plura

92 3684 125 3742 et
141 3677 308 3743 ornatoria
324 3677 465 3760 parietes
487 3677 550 3759 ipsi
574 3675 665 3757 loqui
690 3675 866 3742 rideantur
894 3677 933 3742 cf.
957 3698 1015 3760 pro
1044 3678 1157 3746 Plano.
1188 3682 1218 3757 8,

93 3765 142 3829 20.
167 3800 208 3810 -
230 3763 272 3828 In
294 3765 390 3828 Verr.
414 3767 442 3842 5,
467 3765 516 3826 67.
540 3760 684 3845 Philipp.
708 3764 737 3841 2,
765 3767 812 3827 15.
838 3798 877 3810 -

178 3849 282 3930 Adde,
306 3850 391 3933 quod
413 3848 589 3914 insolentia
610 3848 745 3931 figurae,
768 3848 875 3931 siqua
897 3855 954 3929 est,
976 3848 1073 3914 valde
1094 3850 1219 3914 lenitur

90 3933 209 4001 additis
231 3935 341 4003 verbis
365 3942 420 4015 „ut
437 3934 518 3999 mihi
541 3931 702 4000 ridetur“.

177 4021 220 4088 Ei
242 4030 361 4101 autem,
385 4022 440 4105 qni
464 4021 660 4087 etiamnunc
685 4019 846 4100 dubitant,
876 4022 966 4086 liunc
993 4021 1101 4088 locum
1124 4022 1216 4088 Cice·

91 4109 164 4174 roni
195 4108 349 4188 tribuere,
378 4114 533 4191 reputent
562 4128 672 4172 secum
697 4107 792 4173 velim
822 4107 912 4188 baec,
942 4129 1024 4191 quae
1046 4108 1218 4174 Wormius

90 4195 153 4261 hac
175 4194 215 4261 de
238 4217 273 4262 re
295 4196 475 4261 rectissime
497 4194 649 4259 statuisse
671 4193 753 4256 mihi
774 4193 912 4260 videtur.
968 4194 1039 4271 „Ex
1065 4196 1217 4260 omnibus

91 4282 196 4367 inquit
217 4303 247 4366 p.
273 4287 323 4362 61,
346 4303 426 4364 quas
448 4288 560 4365 poetae
583 4286 616 4345 et
632 4279 791 4360 rhetores,
809 4302 882 4347 cum
906 4281 946 4346 ad
965 4287 1127 4361 ornatum,
1145 4290 1215 4346 tum

981 4383 1011 4438 3.
