2820 4822
628 333 776 392 -5..

140 501 333 588 disputandi
362 506 395 568 et
427 498 681 586 argumentandi
708 499 889 567 subtilitate
922 500 1069 570 adhibita
1101 503 1272 572 estendere

140 591 329 668 conabatur,
359 609 430 654 eam
465 588 554 653 nullo
587 595 682 672 pacto
714 609 733 653 a
765 588 924 655 Cicerone
957 590 1172 673 conscriptam
1206 593 1271 658 diei

139 698 251 761 pesse;
279 696 357 741 nam
377 675 511 739 inanem
530 695 601 739 esse
622 694 741 752 rerum,
765 673 873 739 verbis
891 674 1040 741 formulis
1057 679 1270 743 construetio-

139 762 237 829 nibus
263 783 359 844 saepe
388 762 444 827 vix
477 760 645 838 Latinam,
677 760 711 823 in
746 767 814 825 tete
847 761 1080 844 compositione
1113 763 1269 846 ineptam,

139 847 287 927 stultam,
310 845 498 925 ridiculam;
522 845 661 926 denique
694 845 783 911 fatuo
813 847 970 931 principe,
996 846 1141 928 Claudio,
1170 870 1270 932 quam

139 934 299 1001 Oicerone
321 932 502 1017 digniorem
519 933 551 1013 ¹).
598 929 642 996 Se
665 930 795 1013 quidem
819 931 936 1008 dieit2)
959 933 1096 1016 legendo
1115 943 1147 999 et
1168 934 1270 1000 inter-

138 1018 299 1105 pretando
322 1040 359 1084 eo
380 1017 573 1102 perductum
597 1037 677 1094 esse,
708 1027 745 1081 ut
772 1017 861 1084 hunc
893 1018 1040 1083 libellum
1074 1040 1140 1084 non
1173 1020 1269 1086 modo

140 1106 293 1174 Oicereni
315 1104 467 1169 omnibus
479 1101 582 1168 modis
594 1102 856 1183 abiudieandum,
871 1104 928 1169 sed
940 1106 1038 1169 etiam
1050 1105 1269 1188 genuinorum

139 1191 231 1258 illius
263 1192 459 1275 scriptorum
500 1197 534 1253 et
565 1189 663 1254 huius
696 1188 822 1254 nullam
860 1191 922 1256 nisi
956 1190 1121 1273 quandam
1136 1239 1140 1245 -
1154 1192 1270 1259 coleris

138 1278 390 1346 similitudinem
409 1297 480 1341 csse
502 1275 639 1353 videret,
663 1283 831 1358 totumque
854 1276 927 1354 tale,
947 1277 1039 1342 euius
1059 1278 1115 1343 vix
1127 1278 1269 1361 aliquam

138 1372 267 1449 partem
291 1363 431 1430 seribere
454 1361 569 1427 Cicero
591 1361 758 1444 potuisset,
777 1362 805 1426 si
838 1363 978 1445 vigilans
1011 1369 1070 1428 aut
1102 1366 1270 1430 somnians

138 1453 226 1518 hane
248 1450 409 1516 actionem
439 1447 560 1530 scripto
589 1446 745 1512 mandare
775 1447 939 1513 voluisset.
967 1484 1007 1494 —
1043 1448 1116 1530 Quo
1149 1450 1270 1516 iudicio

138 1536 288 1602 inaudito
311 1556 408 1618 quam
428 1534 639 1598 vehementer
662 1533 701 1611 ei,
724 1533 780 1616 qui
810 1534 850 1598 ab
881 1535 1015 1599 ineunte
1044 1544 1149 1601 aetate
1178 1537 1268 1601 Mar-

139 1623 312 1690 eellianam
335 1621 425 1686 illam
447 1620 482 1683 in
516 1620 700 1683 orationum
729 1619 957 1684 Tullianarum
989 1642 1126 1686 numero
1160 1622 1270 1688 videre

139 1715 345 1785 consuerant,
369 1705 521 1771 commoti
550 1713 583 1769 et
611 1704 793 1788 perturbati
825 1706 901 1784 sint,
936 1728 976 1772 cx
1011 1707 1062 1770 his
1089 1705 1233 1772 Wormii
1242 1709 1268 1789 ³)

138 1795 250 1861 verbis
273 1800 428 1876 apparet:
462 1791 599 1866 „Dicere
632 1791 690 1856 vix
725 1812 867 1874 possum,
903 1792 979 1874 quid
1012 1792 1093 1856 mihi
1126 1793 1270 1874 perlecta

139 1881 256 1946 Wolfii
279 1878 551 1946 commentatione
574 1878 673 1942 fuerit
695 1877 806 1941 animi.
851 1876 994 1943 Omnem
1015 1887 1101 1942 certe
1119 1878 1268 1943 hilarita-

140 1977 207 2033 tem
230 1974 358 2050 pectore
381 1962 571 2029 exturbavit
589 1971 622 2028 et
644 1963 799 2027 tristitiae
822 1964 913 2045 quasi
936 1963 1090 2028 nebulam
1110 1964 1268 2047 aliquam-

142 2052 198 2119 diu
241 2053 351 2118 animo
391 2049 536 2113 offudit.“
599 2049 668 2114 Nee
707 2049 843 2127 mirum3
884 2070 949 2113 non
994 2059 1170 2131 potuerunt
1202 2072 1268 2113 non

140 2138 285 2204 maxime
308 2136 506 2201 commoveri
530 2135 592 2200 viri
614 2134 708 2212 docti,
731 2156 804 2199 eum
828 2153 847 2197 a
868 2134 990 2199 Wolfio
1001 2143 1132 2218 praeter
1143 2135 1269 2217 opinio·

140 2247 216 2290 nem
235 2223 443 2300 docebantur,
467 2243 502 2286 se
531 2219 655 2284 tamdiu
685 2221 718 2283 in
751 2220 945 2302 gravissimo
979 2241 1088 2285 errore
1123 2230 1269 2288 versatos

139 2332 219 2378 esse.
265 2308 303 2375 Si
325 2309 365 2373 ab
388 2307 453 2372 alio
471 2307 527 2371 illa
550 2306 689 2389 suspicio
711 2313 801 2369 mota
834 2309 928 2382 esset,
958 2308 1095 2371 fortasse
1123 2307 1269 2390 plerique

141 2417 213 2462 eam
237 2396 346 2461 minus
367 2400 546 2460 curassent.
593 2390 658 2457 Sed
682 2412 755 2456 cum
777 2392 805 2457 is
829 2393 1024 2456 sententiam
1046 2393 1137 2458 illam
1160 2403 1270 2477 protu-

140 2483 243 2562 lisset,
266 2482 410 2565 quinon
432 2478 586 2544 mediocri
609 2485 696 2542 esset
725 2479 812 2542 inter
844 2478 994 2561 aequales
1024 2479 1218 2544 auctoritate
1236 2487 1270 2543 et

139 2570 206 2636 iam
229 2577 298 2633 tum
322 2567 461 2632 eximiae
483 2563 650 2630 doctrinae
673 2565 806 2628 floreret
826 2562 931 2642 laude,
961 2573 1057 2645 atque
1087 2566 1121 2628 in
1149 2562 1268 2628 indicio

141 2678 199 2721 suo
221 2651 444 2721 confirmando
466 2650 578 2715 multis
600 2658 634 2714 et
654 2649 719 2714 illis
731 2647 873 2731 quidem,
887 2671 968 2731 quae
991 2650 1133 2732 aliquam
1155 2651 1270 2733 proba·

141 2741 276 2806 bilitetis
299 2740 440 2823 speeiem
469 2757 546 2818 prae
573 2757 607 2800 se
628 2735 714 2799 ferre
739 2735 936 2813 viderentur,
956 2737 1158 2818 argumentis
1190 2758 1269 2801 usus

139 2835 236 2905 esset,
259 2827 357 2891 etiam
380 2821 687 2907 intelligentioribus
708 2820 827 2885 harum
851 2842 960 2885 rerum
991 2822 1269 2888 existimatoribus

139 2912 315 2995 serupulus
344 2911 483 2975 iniectus
513 2915 571 2987 est,
605 2909 653 2972 ita
676 2915 713 2972 ut
747 2905 896 2972 dubitare
929 2908 1121 2989 inciperent,
1156 2916 1267 2972 utrum

138 2999 263 3064 Wolfio
286 2997 534 3072 assentirentur,
558 3014 599 3056 an
628 2993 786 3076 neglectis
811 2992 900 3057 illius
930 2993 1269 3059 animadversionibus

140 3085 320 3150 orationem
341 3083 433 3147 illam
456 3081 492 3144 in
514 3079 714 3162 reliquarum
736 3074 903 3143 Ciceronis
926 3079 1112 3143 orationum
1131 3100 1268 3144 numero

140 3179 317 3237 servarent.
362 3169 475 3250 Neque
499 3174 607 3232 tamen
628 3164 811 3241 defuerunt,
825 3165 878 3245 qui
892 3164 1138 3230 Marcellianum
1158 3165 1266 3229 defen·

140 3255 280 3322 dandam
303 3254 515 3336 susciperent.
560 3254 609 3316 Ae
632 3251 758 3334 primus
780 3249 911 3333 quidem
934 3250 1003 3315 eius
1015 3251 1141 3316 exstitit
1159 3251 1268 3316 defen·

141 3364 194 3409 sor
216 3341 320 3407 Olaus
345 3340 522 3416 Wormius,
553 3337 645 3403 cuius
674 3337 740 3401 iam
765 3357 865 3419 supra
895 3337 1092 3401 montionem
1123 3338 1267 3403 fecimus.

141 3428 211 3510 Qui
232 3425 382 3509 quamvis
404 3425 511 3489 multa
533 3431 565 3488 et
590 3423 645 3487 illa
669 3420 801 3505 quidem
831 3422 1000 3504 aptissima
1028 3421 1067 3486 ad
1097 3423 1268 3487 infirman-

141 3514 219 3578 dum
243 3513 356 3577 Wolfii
378 3511 535 3576 iudicium
558 3508 748 3592 protulisset
771 3515 973 3592 argumenta,
1002 3514 1113 3572 tamen
1143 3509 1172 3572 ei
1201 3530 1267 3573 non

141 3599 293 3684 contigit,
329 3604 368 3662 ut
402 3617 516 3662 omnes
552 3595 681 3660 tolleret
715 3592 941 3659 dubitationes.
998 3593 1113 3678 Itaque
1147 3594 1267 3659 iterum

141 3685 181 3750 B.
219 3682 427 3760 Weiskius⁴)
468 3682 519 3748 vir
558 3702 633 3748 eum
674 3679 794 3744 eximia
831 3679 1014 3745 eruditione
1052 3687 1121 3745 tum
1153 3681 1266 3763 singu-

142 3826 345 3836 ...ης-*-

228 3889 258 3954 1)
277 3888 412 3972 0110011.
432 3887 495 3941 edit.
513 3886 614 3952 (Berol.
634 3883 714 3952 1802)
733 3885 847 3953 praelat.
867 3898 928 3954 pag.
946 3882 988 3938 30.

226 3957 258 4093 bi
276 3956 560 4081 llidl'rlliiglcliderouis
579 4023 727 4077 orationem
745 4037 795 4090 pro
805 4022 843 4078 Μ.
855 4023 984 4078 Marcello
995 4024 1102 4078 νοθείας
1114 4019 1267 4088 suspicione

142 4096 247 4152 aFrid.
268 4098 337 4164 Aug.
357 4093 455 4147 Wolfio
473 4112 497 4145 v.
517 4111 540 4148 0.
559 4108 646 4159 nuper
663 4093 761 4147 iniecta
778 4093 893 4148 liberare
913 4098 1024 4148 conatus
1043 4097 1084 4146 est
1096 4090 1268 4148 OleusWer·

142 4165 211 4222 nius
230 4165 359 4233 (Hernica
381 4163 459 4230 1803)
478 4163 512 4217 01.
531 4162 649 4216 Praefat.
667 4178 693 4230 p.
715 4159 753 4214 13.

229 4234 260 4300 4)
280 4233 489 4288 Commentarius
507 4239 654 4301 perpetuus
672 4237 699 4284 et
716 4231 812 4299 plenus
825 4233 851 4286 in
863 4231 1010 4286 oraticnem
1023 4229 1060 4282 Μ.
1067 4227 1149 4286 Tullii
1161 4227 1208 4287 eie

144 4305 186 4361 uis
202 4321 254 4377 pro
272 4304 311 4362 M.
331 4303 460 4362 Marcello
479 4307 591 4358 auctore
609 4300 747 4368 Beujemiu
765 4301 883 4359 Weiske.
910 4299 1020 4371 Lipsiae
1038 4296 1113 4356 1806.
1239 4188 1275 4538 r
