2820 4822
681 313 844 376 „52-

198 483 308 548 allatis
342 483 392 548 In.
425 483 522 548 Verr.
556 482 619 547 III.
653 484 694 544 48
728 488 761 546 61
794 482 845 547 In.
880 483 955 547 Vat.
988 503 1056 567 oap.
1091 487 1166 548 12..
1195 480 1349 565 „Neque

198 570 306 647 enim,
337 570 461 651 inquit,
490 570 518 634 si
547 568 688 633 Romani
723 568 878 633 dixerunt
916 569 973 648 „ab
1007 567 1114 651 aliquo
1143 567 1329 651 6660111610,

197 655 400 720 frumentum
437 654 579 738 eripere“
621 654 776 718 600110οο
809 655 969 736 sequitur,
1005 653 1203 720 latinitatem
1242 652 1330 717 ferre

202 759 310 820 „arma
333 740 373 805 ab
393 739 502 822 aliquo
525 744 652 822 erepta“
679 739 759 803 item
782 739 863 805 alias
886 760 939 804 166
962 739 1136 823 praecipue
1157 761 1222 818 eas,
1247 759 1329 822 quas

198 827 270 910 quis
292 826 326 889 in
350 848 408 891 600
439 846 572 908 0016016
602 829 721 889 tenet“.
776 823 827 888 Ad
857 843 939 907 quae
962 825 1131 892 Weishius
1156 832 1245 891 reete
1275 845 1328 889 16-

198 910 337 995 spondet
370 911 467 977 haee:
511 911 621 992 „Quin
653 910 754 976 immo
785 909 898 976 durius
928 917 987 989 est,
1016 912 1079 976 hoo
1108 910 1264 978 adhiberi.
1287 908 1329 974 de

201 997 298 1062 rebus
321 996 454 1062 homine
476 996 600 1062 dissitis
623 1002 720 1078 atque
742 997 787 1060 ita
809 997 1012 1080 eomparatis,
1043 1003 1080 1061 ut
1102 1019 1157 1062 666
1185 995 1329 1064 braohiis

199 1083 370 1165 eompleeti
393 1089 449 1147 aut
471 1083 622 1169 manibus
644 1082 825 1165 prehensas
856 1090 967 1147 tenere
997 1104 1063 1147 non
1085 1084 1203 1166 possit;
1233 1082 1328 1147 euius

198 1169 330 1253 generis
353 1175 432 1232 sunt
454 1169 616 1245 civitates,
635 1169 793 1251 regiones,
818 1189 939 1252 magna
960 1168 1012 1233 vis
1034 1168 1221 1233 frumenti“.

283 1254 390 1336 Igitur
422 1253 484 1320 hoo
518 1275 645 1337 quoque
680 1253 750 1318 looo
785 1254 928 1319 Wolfius
967 1255 1153 1337 praecipere
1193 1251 1329 1318 videtur

198 1340 371 1416 Romanis,
401 1339 561 1422 quomado
589 1338 789 1422 loquendum
819 1339 871 1403 sit.
922 1340 990 1405 Nos
1020 1361 1061 1403 ex
1089 1339 1144 1416 eis,
1174 1344 1258 1422 quae
1285 1335 1328 1402 ad

181 1422 310 1489 'nostra
343 1431 490 1506 tempora
522 1432 703 1504 venerunt,
742 1425 872 1506 seriptis
909 1426 1105 1490 constituere
1144 1424 1327 1504 studemus,

199 1512 254 1592 qui
284 1511 382 1575 fuerit
405 1533 517 1576 eorum
540 1510 670 1576 dicendi
701 1533 787 1575 usus.
841 1511 1011 1593 „Eripitur
1042 1510 1164 1594 aliquid
1195 1510 1236 1576 ab
1265 1509 1326 1574 611-

199 1599 282 1679 6001
306 1618 348 1662 ex
369 1597 591 1662 Romanorum
615 1618 685 1675 usu,
712 1596 739 1661 61
767 1596 871 1660 invito
900 1596 1004 1661 altero
1035 1597 1086 1662 vel
1113 1597 1148 1661 vi
1177 1594 1328 1661 adhibita

199 1682 391 1761 detrahitur,
422 1681 508 1765 quod
535 1688 631 1746 antea
660 1702 735 1746 oum
762 1703 799 1746 eo
828 1681 1036 1748 eoniunetum
1061 1683 1176 1747 fuerat.
1227 1679 1327 1763 Quod

199 1790 241 1834 ex
262 1767 314 1832 his
345 1769 522 1850 exoemplis
551 1767 659 1851 oolligi
685 1774 798 1848 potest.
852 1766 918 1832 Oio.
948 1768 1025 1834 Div.
1055 1767 1100 1832 ΙΙ.
1135 1773 1181 1832 10.
1234 1767 1327 1847 „Ho-

199 1874 311 1918 merus
333 1853 448 1920 Iovem
474 1853 600 1919 induoit
622 1860 823 1935 querentem,
854 1852 940 1936 quod
964 1852 1189 1936 Sarpedonem
1218 1852 1328 1916 filium
1359 1895 1361 1900 -

200 1946 346 2003 amorte
369 1940 495 2024 eripere
524 1960 590 2003 non
624 1944 763 2022 posset“.
797 1974 835 1984 —
866 1939 996 2003 Terent.
1028 1938 1180 2003 Eunueh.
1205 1937 1266 2003 IV.
1298 1940 1327 2002 6.

202 2029 250 2088 14.
311 2025 420 2104 „Haeo
447 2032 505 2103 est,
539 2045 636 2108 quam
669 2023 763 2088 miles
797 2045 815 2088 a
849 2045 901 2089 me
934 2030 1083 2108 ereptum
1117 2024 1241 2090 venit“.
1282 2061 1327 2069 -

200 2110 292 2176 ans.
321 2109 422 2190 „duae
443 2111 589 2195 legiones
613 2131 632 2174 a
654 2109 795 2175 Caesare
818 2113 980 2193 ereptae“.
1033 2108 1101 2174 Sed
1124 2108 1201 2191 quid
1231 2108 1329 2191 plura

200 2196 240 2261 ad
259 2195 293 2260 id
309 2195 559 2275 defendendum,
575 2196 661 2280 quod
673 2195 920 2261 usitatissimum
933 2196 1092 2261 Romanis
1110 2195 1212 2260 fuisse
1230 2215 1329 2259 nemo

200 2282 312 2347 nesoit.
1246 2314 1249 2319 r

285 2368 338 2431 Ad
362 2371 385 2451 §.
407 2372 444 2430 32
464 2368 608 2435 Wolfius
630 2367 711 2431 haee
729 2366 877 2430 adnotat:
921 2365 1193 2444 „Oioeroniannm
1212 2365 1330 2431 1016661

202 2473 286 2531 „non
309 2452 404 2518 modo
423 2454 630 2537 sapientiae“.
662 2451 747 2516 Nam
766 2459 798 2516 et
815 2451 877 2516 hae
895 2452 1075 2533 particulae
1095 2473 1179 2530 ,non
1199 2452 1326 2517 solum“

201 2545 233 2603 ot
258 2559 342 2616 „non
366 2539 480 2604 modo“
506 2538 626 2621 aliqui'd
650 2536 848 2602 diserimiuis
870 2536 1001 2615 habent,
1025 2538 1110 2621 quod
1140 2538 1175 2601 in
1206 2538 1329 2604 sobolis

200 2623 430 2706 explioandum
448 2630 507 2704 est,
531 2632 596 2704 aut,
619 2625 646 2688 si
666 2623 771 2688 adhue
789 2622 937 2706 ignotum
961 2630 1018 2702 est,
1042 2625 1151 2688 minus
1169 2630 1330 2707 oeenpato

200 2710 300 2774 loeo“.
356 2709 487 2776 Vellem
509 2710 726 2792 praestitisset
748 2709 798 2775 vir
819 2707 940 2788 doetus,
965 2730 1047 2791 quae
1070 2710 1264 2792 promiserat
1293 2710 1330 2774 in

200 2797 335 2878 praefat.
369 2817 400 2878 p.
424 2800 473 2861 38.
519 2795 572 2861 Ibi
601 2796 688 2860 enim
718 2793 860 2873 dixerat,
896 2817 929 2859 se
963 2795 1105 2861 seholam
1136 2795 1331 2861 Latinitatis

201 2888 392 2964 aperturum
404 2902 474 2946 6666
487 2881 575 2946 haud
588 2881 740 2946 inutilem
753 2881 809 2959 eis,
829 2879 884 2963 qui
896 2886 983 2946 16016
1005 2887 1037 2944 61
1048 2881 1170 2946 Latine
1187 2879 1331 2946 seribere

202 2975 259 3032 601
287 2968 383 3049 quale
412 2968 474 3032 hoe
507 2976 608 3045 66661,
639 2966 762 3032 dissere
790 2974 955 3048 60661601.
1026 2964 1212 3031 Admodum
1249 2986 1331 3032 sane

202 3051 378 3116 dolendum
407 3059 472 3130 est,
503 3052 590 3136 quod
618 3051 776 3135 propositi
810 3073 944 3134 prorsus
978 3052 1149 3117 immemor
1182 3050 1331 3118 discendi

202 3135 338 3220 eupidos
360 3139 444 3203 oelat
473 3137 515 3218 id,
548 3139 632 3223 quod
656 3138 696 3202 de
724 3138 844 3202 harum
873 3137 1107 3221 particularum
1137 3137 1331 3204 disorimine

204 3224 399 3289 observavit.
445 3223 544 3289 (16116
566 3223 744 3289 maximam
766 3223 904 3308 gratiam
925 3225 953 3289 ei
973 3224 1137 3302 haberem,
1161 3224 1187 3289 si
1211 3243 1330 3305 operae

202 3310 346 3392 pretium
369 3308 516 3374 duxisset
539 3311 711 3392 6116110616,
742 3309 821 3392 quid
843 3309 1016 3375 interesset
1043 3310 1130 3373 inter
1152 3308 1225 3374 illas
1253 3329 1331 3391 par·

203 3395 319 3460 1100166
354 3401 386 3458 61
417 3416 500 3477 quae
533 3402 619 3460 osset
652 3414 758 3473 eausa,
782 3416 840 3460 eur
869 3395 900 3460 h.
925 3395 945 3459 l.
977 3393 1058 3458 illud
1086 3416 1167 3475 „non
1199 3394 1328 3460 solum“

203 3480 313 3546 minus
331 3479 404 3545 usui
424 3481 576 3546 Tulliano
595 3480 770 3546 convenire
789 3480 966 3546 videretur.
996 3480 1212 3546 Grammatioi
1230 3481 1329 3562 enim,

211 3587 406 3649 quamquam
441 3567 535 3630 initio
574 3566 683 3649 paullo
725 3566 872 3632 diversas
907 3567 994 3630 inter
1034 3586 1068 3631 se
1108 3568 1208 3632 101666
1253 3585 1329 3650 661-

205 3651 379 3716 tioularum
425 3653 585 3730 notiones,
623 3659 780 3732 statuunt,
816 3659 927 3716 tamen
951 3650 1139 3730 oonoedunt,
1160 3651 1329 3718 Oieeronis

205 3736 404 3818 temporibus
426 3739 493 3802 fero
516 3737 606 3802 nullo
629 3737 816 3803 disorimine
835 3738 969 3802 alteram
992 3758 1051 3819 pro
1069 3738 1171 3802 altera
1188 3738 1330 3820 positam

206 3842 286 3900 esse,
309 3844 369 3886 neo
391 3823 496 3904 ipsum
521 3824 708 3907 religiosum
732 3824 764 3887 in
789 3824 836 3887 616
859 3821 1051 3888 adhibendis
1074 3824 1184 3889 fuisse.
1213 3823 1330 3906 Itaque

205 3929 270 3973 non
289 3907 444 3990 intellige,
468 3931 526 3974 001
546 3909 631 3974 illud
656 3929 740 3986 „non
764 3909 887 3972 solum“
914 3909 1024 3974 minus
1047 3917 1160 3991 aptum
1182 3907 1328 3987 dieatur;

204 3993 238 4057 id
261 4000 369 4058 autem
392 4016 582 4076 persuasum
613 3994 724 4074 habeo,
753 3995 874 4058 minus
892 4000 1022 4076 gratum
1051 3997 1199 4058 futurum
1229 3995 1329 4060 fuisse

206 4079 354 4155 auribus,
388 4080 416 4145 si
446 4079 582 4146 dixisset
613 4088 736 4145 orator:
778 4079 862 4159 „Qui
896 4080 1007 4144 modo
1041 4079 1164 4146 habent
1197 4080 1328 4164 aliquid,

205 4184 271 4228 non
295 4164 408 4229 modo
432 4166 610 4245 sapientiae
632 4174 663 4229 61
686 4187 714 4248 q.
739 4186 800 4230 seo.

291 4249 331 4314 In
354 4257 517 4334 postrema
540 4250 678 4336 denique
701 4250 859 4317 orationis
880 4257 973 4334 parto
999 4251 1124 4337 largam
1147 4251 1330 4336 castigandi
