2820 4822
619 297 726 364 :54³
748 324 788 349 .·

142 472 310 555 praebent,
342 492 407 537 non
430 471 511 538 adeo
537 494 556 537 a
584 469 821 537 consuetudine
851 477 884 536 et
908 470 1072 555 elegantia
1100 469 1281 536 Ciceronis·

142 556 293 623 recedere
316 557 499 638 videantur,
530 565 567 624 ut
593 559 633 624 ab
663 557 719 623 illo
747 556 876 623 dicendi
905 557 1028 623 artifice
1054 555 1279 623 abiudicanda·

142 644 217 723 sint,
242 644 364 727 quique
384 644 464 710 satis
482 644 682 727 probabilem
700 643 792 708 illam
810 643 1009 709 sententiam
1027 662 1097 708 esse
1115 642 1272 708 iudicent.

227 729 391 812 Equidem
412 730 475 812 qui*
490 730 553 795 ista
575 730 654 795 ferri
677 735 735 794 aut
757 729 834 795 huic
856 729 976 793 oratori
994 729 1153 812 imputari
1175 746 1273 812 posse

142 816 346 898 negaverim,
375 834 441 879 non
470 836 596 894 vereor,
614 836 671 880 ne
693 815 729 878 iu
763 814 917 880 audaciae
950 813 1075 879 crimen
1103 814 1273 880 incurram

142 899 224 964 illud
249 906 379 978 „tanta“
404 900 615 966 inserendum
645 921 715 965 esse
743 907 901 979 statuens,
930 900 1098 983 cumipse
1126 899 1273 966 Wolfius

143 987 318 1051 confitetur
338 986 374 1050 in
392 985 454 1051 hac
471 993 636 1069 postrema
654 987 812 1051 orationis
829 991 922 1068 parte
941 985 1044 1051 multa
1062 985 1273 1050 librariorum

141 1070 238 1153 culpa
259 1077 411 1154 corrupta
433 1093 503 1138 esse
525 1080 558 1137 et
580 1070 669 1138 haud
701 1072 853 1156 exiguam
876 1079 1003 1154 partem
1032 1091 1160 1149 eorum,
1189 1092 1274 1154 quae

142 1156 414 1240 reprehendenda
436 1159 512 1237 sint,
536 1159 582 1224 eis
602 1157 720 1242 potius,
750 1176 860 1240 quam¹
875 1157 1030 1223 orationis
1060 1157 1184 1223 auctori
1213 1157 1273 1222 tri·

141 1241 273 1307 buenda
296 1241 407 1308 videri.
431 1280 472 1290 -
764 1293 766 1298 .

227 1327 270 1392 In
292 1328 409 1393 ultimo
431 1328 571 1413 denique
592 1329 749 1395 orationis
771 1328 941 1394 enuntiato
963 1327 1118 1394 vitiosum
1141 1326 1287 1395 videtur·

141 1413 263 1478 Wolfio
274 1434 379 1499 genus
390 1416 660 1481 constructionis:
681 1413 758 1494 „Sic
771 1415 831 1480 tibi
843 1413 966 1499 gratias
979 1434 1049 1498 age,
1064 1451 1103 1460 -
1116 1419 1154 1478 ut
1164 1433 1273 1479 acces·

141 1500 238 1565 serit“
265 1507 361 1582 atque
382 1501 417 1566 in
439 1501 511 1584 ipso
532 1499 676 1568 discessu
699 1500 835 1567 ridicule
857 1500 984 1565 ruentis
1015 1499 1165 1584 magistri
1189 1519 1273 1566 esse.

144 1584 318 1651 Wortnius
336 1585 388 1652 bis
413 1586 661 1664 „declamatori“
686 1587 735 1650 illi
758 1606 947 1653 succurrere
970 1597 1117 1651 conatur.
1151 1584 1270 1664 „„Sic“

140 1690 206 1734 non
238 1671 362 1736 causali
395 1673 623 1738 coniunctione
656 1674 800 1737 refertur
833 1672 874 1737 ad
910 1671 1138 1750 ,accesserit'‘⁴‚
1174 1671 1272 1755 quasi

138 1756 321 1840 gratiarum
353 1758 481 1824 actione
513 1758 667 1824 effectum
701 1764 800 1835 esset,
834 1765 871 1822 ut
904 1757 1098 1822 meritorum
1121 1756 1273 1823 cumulus

139 1841 321 1907 accederet:
345 1863 408 1925 quo
431 1844 519 1911 nihil·
535 1844 642 1927 potuit
664 1864 735 1909 esse
758 1842 942 1909 absurdius.
989 1840 1065 1908 Sed
1083 1843 1167 1920 „sic“
1192 1863 1271 1908 con·

138 1926 341 2012 iungendum
362 1936 412 1994 est
434 1950 507 1995 cum
535 1949 615 2014 ,ago
643 1930 786 2013 gratiae“
818 1939 851 1994 et
880 1935 1002 1995 statum
1032 1934 1128 2010 atque
1158 1927 1272 1994 condi-

138 2012 262 2077 tionem
284 2013 406 2098 gratias
429 2015 558 2100 agentis
581 2015 735 2082 describit
752 2015 784 2079 b.
811 2033 904 2094 ,cum
927 2014 985 2080 tibi
1016 2013 1115 2079 hodie
1145 2014 1276 2102 gratias·

138 2117 206 2181 ogo,
227 2100 273 2166 sic
294 2120 366 2165 sum
389 2101 596 2181 const‘tutus,
619 2123 659 2168 ea
681 2108 730 2167 est
752 2122 863 2166 rerum
886 2116 1033 2166 mearum
1056 2099 1149 2178 ratio,
1173 2107 1211 2164 ut
1230 2138 1270 2147 -—

142 2185 295 2251 cumulus
318 2186 542 2252 accesserit““.

224 2271 333 2355 Magis
355 2272 438 2337 mihi
455 2273 612 2354 probatur
634 2274 719 2337 ratio
737 2270 988 2355 interpretandi,
1011 2271 1273 2354 qud¹Richtems

138 2354 226 2422 hunc
247 2356 355 2422 locum
378 2357 527 2441 explicat.
583 2358 704 2424 Censet
727 2358 814 2423 enim
840 2365 895 2436 „ut
918 2395 958 2403 -
982 2357 1182 2424 accesserit“'
1197 2357 1273 2423 bre·

138 2442 226 2506 viter
251 2439 373 2508 dictum
407 2464 477 2508 esse
506 2464 565 2526 pro
591 2450 648 2522 „ut
677 2444 852 2510 accessisse
885 2443 1072 2509 confitear“.
1113 2478 1143 2487 —
1177 2441 1286 2525 Quae

139 2532 320 2606 structura,
355 2548 552 2612 quamquam
585 2530 694 2611 paullo
726 2529 920 2594 insolentior
950 2536 1015 2608 est,
1057 2535 1168 2593 tamen
1202 2549 1273 2594 non

140 2625 274 2695 prorsus
297 2634 317 2678 a
338 2614 565 2679 Romanorum
584 2636 644 2680 usu
670 2614 833 2694 abhorret,
857 2634 935 2680 nam
958 2613 1052 2680 facile
1077 2613 1182 2679 huius·
1203 2613 1273 2681 dic·

140 2699 238 2764 tionis
261 2699 382 2763 similia
404 2700 556 2784 exempla
578 2707 611 2765 et
628 2722 669 2765 ex
692 2700 830 2766 aliorum
848 2700 1043 2783 scriptorum
1062 2710 1094 2764 et
1112 2721 1152 2764 ex
1170 2699 1272 2766 h‘uius

142 2785 284 2850 oratoris·
302 2785 395 2850 libris
418 2785 528 2850 afferri
557 2794 705 2868 possunt.
766 2787 852 2867 Neo,
882 2786 1011 2855 etiamsi
1048 2785 1154 2850 simile
1190 2785 1270 2869 quid

139 2869 224 2953 apud
261 2869 452 2937 Ciceronem
495 2892 558 2936 non
598 2872 819 2952 inveniretur,
850 2871 1049 2950 dubitarem,
1095 2871 1172 2937 huic
1204 2871 1280 2954 ipsi·

139 2955 204 3019 iem
229 2955 390 3022 adfinem
414 2957 602 3040 properanti
630 2964 663 3023 et
685 2959 822 3037 verenti,
852 2979 893 3022 ne
927 2959 992 3023 iam
1014 2957 1111 3041 plura
1139 2958 1272 3024 locutus

139 3041 190 3119 sit,
214 3062 312 3124 quam
334 3064 393 3125 pro
414 3042 486 3109 loco
510 3051 543 3108 et
566 3051 710 3127 tempore
733 3044 837 3123 liceat,
860 3043 1006 3108 tribuere
1029 3043 1145 3125 potius,
1168 3050 1268 3125 quam

139 3124 348 3192 declamatori
391 3129 569 3194 orationem
613 3130 701 3195 omni
742 3130 912 3215 diligentia
950 3127 1097 3194 adbibita
1136 3148 1267 3212 compo·

142 3212 242 3277 nenti.

225 3298 298 3364 Iam
322 3319 398 3365 vero
421 3315 495 3364 cum
518 3300 553 3364 in
576 3302 748 3380 sosimus,
772 3309 809 3366 ut
830 3301 871 3365 ab
893 3300 1038 3366 oratione
1060 3298 1274 3368 discedamus·

138 3383 262 3449 iterum
283 3385 439 3452 brevibus
461 3385 632 3468 complecti
653 3387 747 3455 iuvat
770 3408 817 3466 ea,
841 3405 925 3469 quae
953 3386 1016 3452 bac
1038 3385 1279 3451 dissertatione·

138 3471 358 3555 exposuimus.
410 3470 533 3536 Multos
566 3472 652 3537 locos
682 3471 993 3554 demonstravimus,
1024 3471 1137 3537 avire
1171 3470 1277 3536 docto’

139 3576 205 3622 non
227 3557 321 3622 iusta·
339 3577 438 3621 causa
459 3557 635 3640 castigatos
669 3564 702 3622 ct
724 3558 813 3624 haud
844 3577 944 3642 pauca
972 3558 1052 3624 vitia
1080 3558 1155 3622 ficta
1184 3577 1264 3623 esse.

28 3648 31 3652 '
138 3641 262 3706 Eorum
275 3648 392 3722 autem,
417 3640 498 3724 quae
521 3658 637 3707 revera
648 3643 860 3724 offenderent,
884 3642 1037 3728 pleraque
1055 3641 1276 3720 librariorum-

138 3727 359 3811 negligentiae
382 3735 439 3793 aut
461 3727 656 3793 emendandi
679 3729 733 3794 vel
756 3730 941 3813 explicandi
964 3727 1071 3796 studio
1093 3727 1266 3794 tribuenda

75 3824 79 3833 ·
138 3832 218 3891 esse,
249 3813 384 3879 evicisse
414 3813 506 3878 nobis
533 3812 694 3879 videmur.
754 3815 906 3897 Quorum
940 3815 1005 3880 alia
1035 3813 1139 3878 facile’
1155 3824 1272 3878 emenss·

139 3897 306 3978 davimns,
333 3898 406 3978 alia,
437 3915 633 3982 quamquam
663 3921 767 3984 pauca
796 3906 977 3978 sunt,'non
1007 3899 1143 3982 contigit
1170 3896 1265 3981 n'obis

137 3983 503 4066 probabiliconiectura
525 3986 708 4065 restituere,
732 4006 805 4051 cum
829 3986 885 4049 ita·
904 3991 1102 4070 comparata¹
1120 3985 1196 4062 sint,
1227 3992 1265 4050 ut

138 4070 195 4133 vir
217 4070 289 4135 sine
310 4069 539 4151 locupletioris¹
554 4071 671 4137 codicis
695 4071 817 4136 auxilio
845 4071 965 4136 sanari*
980 4070 1114 4154 possint.
1170 4068 1265 4134 Ntufl

138 4163 255 4220 autem·
270 4156 600 4220 in·orati0ne·ineaee
622 4157 853 4233 intelleximus,
878 4156 963 4239 quod
986 4163 1203 4238 noe'cogcrot,
1226 4162 1271 4219 ut

139 4238 455 4306 Ciceronisnomeu'
465 4240 512 4305 in·
522 4241 591 4308 eius
604 4241 909 4308 frontodelendum·
930 4262 1000 4309 esse
1012 4238 1269 4307 concederemus·
