2820 4822
619 297 791 358 43-

137 465 252 531 doctus
287 486 414 530 summo
449 465 569 529 oratori
599 471 703 529 certos
738 464 895 547 quosdam
928 466 1011 528 fines
1046 460 1273 543 terminosque

138 551 316 630 constituit,
350 561 445 616 extra
479 571 559 633 quos
598 550 755 617 excedere
788 551 880 616 nefas
913 571 983 616 esse
1016 552 1124 633 putat·
1175 543 1273 626 Quod

137 659 204 702 non
237 637 367 703 fecisset
401 645 458 701 aut
487 642 574 700 certe
603 635 790 715 modestius,
821 636 848 700 si
877 637 948 720 ipse
979 633 1163 713 „fideliore“
1192 651 1274 696 usus

138 730 223 788 esset
258 723 432 801 memoria,
474 729 532 786 aut
572 722 755 788 accuratius
788 722 890 788 'Iullii
925 743 1021 788 usum
1056 719 1274 785 observasset.

136 809 202 875 Hic
235 808 324 873 enim
357 809 418 874 hae
458 807 563 872 forma
602 829 681 873 usus
722 815 772 874 est
811 809 847 872 in
880 808 964 874 libro
999 805 1039 871 de
1079 811 1145 870 nat.
1183 801 1273 868 deor.

136 895 187 973 ΙΙ,
211 898 261 972 52,
291 899 343 958 131
374 893 498 971 „multa
522 894 849 960 commemorabilia.“
875 932 914 941 -
943 893 1017 958 Hoc
1046 891 1118 957 loco
1150 895 1273 967 autem,

138 981 178 1044 de
201 1002 264 1063 quo
287 981 423 1063 agimus,
446 979 549 1044 multo
573 980 680 1061 aptius
703 979 816 1044 estad
839 980 1035 1046 sententiam
1058 973 1140 1041 illud
1165 992 1275 1051 „eom-

137 1064 370 1144 memorabili,“
413 1085 512 1148 quam
546 1064 686 1148 simplex
723 1066 975 1143 „memorabili‚“
1011 1063 1097 1147 quod
1127 1060 1274 1125 Wolfius

139 1150 315 1231 desiderat3
338 1149 427 1216 haud
449 1150 548 1216 dubie
568 1153 656 1215 enim
679 1153 815 1234 gravius
838 1161 888 1216 est
916 1150 1116 1216 adiectivum
1140 1167 1291 1230 compo.

138 1239 240 1302 situm
266 1244 299 1301 et
320 1259 386 1302 non
408 1235 614 1302 mediocriter
635 1246 734 1320 auget
759 1238 929 1320 „pietatis“
954 1236 1043 1301 illius
1065 1231 1206 1299 laudem.
1231 1268 1275 1279 -

139 1323 227 1388 Num
251 1323 388 1388 verbum
411 1321 574 1399 „obfudir‘
600 1321 684 1404 quod
715 1323 751 1388 in
787 1323 901 1389 eadem
933 1325 957 1406 §.
983 1322 1115 1406 legitur,
1139 1341 1159 1385 a
1182 1317 1275 1384 Oica-

139 1429 219 1474 rone
239 1410 397 1492 scriptum
417 1410 468 1486 sit,
492 1428 690 1490 quamquam
713 1409 854 1474 aliorum
885 1409 1028 1475 locorum
1058 1403 1276 1472 similitudine

140 1494 194 1572 (ad
217 1496 285 1558 Att.
312 1494 408 1558 VIII.
433 1499 462 1570 6,
491 1498 509 1558 3
540 1501 572 1558 et
599 1494 695 1560 Facit
724 1497 816 1562 Anu.
850 1494 912 1559 XI.
949 1498 1003 1568 31)
1034 1493 1142 1574 aliquo
1175 1487 1276 1554 modo

139 1575 248 1665 potest
270 1579 409 1660 defendi,
432 1578 611 1645 diiudicare
635 1601 699 1644 non
723 1582 837 1647 ausim.
882 1581 967 1645 Rem
990 1579 1095 1663 igitur
1105 1578 1142 1641 in
1164 1573 1276 1640 medio

141 1665 307 1748 relinquo;
338 1666 552 1748 nequeenim
576 1664 657 1728 mihi
687 1667 825 1750 contigit
853 1687 954 1749 usque
984 1663 1110 1731 adhoc
1140 1669 1275 1745 tempus

140 1773 182 1816 ex
200 1752 314 1816 multis
336 1751 401 1815 illis
423 1758 457 1815 et
480 1759 546 1815 tam
569 1751 672 1816 variis
700 1753 847 1819 codicum
877 1751 1079 1827 lectionibus,
1111 1748 1275 1824 veriorem

141 1846 174 1902 et
195 1836 446 1921 probabiliorem
464 1836 661 1918 scripturam
687 1859 801 1904 eruere
821 1838 875 1902 vel
898 1839 1080 1902 restituere.

226 1923 296 1988 Nec
319 1923 437 2003 minus,
460 1943 557 2005 quam
583 1921 636 1989 hie
660 1921 758 2000 locus,
782 1946 830 2002 ea,
853 1923 992 2007 quaein
1015 1925 1038 2006 ξ.
1065 1926 1111 1986 ll.
1130 1923 1276 1998 exstant,

142 2008 357 2087 decentiam
382 2008 559 2091 exemplar,
584 2008 670 2074 unde
693 2010 727 2074 hi
750 2009 876 2076 codices
906 2009 1063 2094 originem
1095 2005 1276 2083 duxerunt,

141 2094 255 2159 multis
277 2094 357 2160 loeis
380 2094 569 2158 mutilatum
592 2094 702 2162 fuisse.
747 2096 862 2179 Neque
884 2097 970 2160 enim
994 2115 1084 2158 ame
1094 2094 1277 2174 impetrare

142 2201 286 2263 possum,
311 2187 347 2243 ut
368 2185 491 2262 putem,
514 2180 609 2244 haec:
641 2202 742 2265 „qnae
771 2180 901 2264 quidem
928 2187 1020 2245 tanta
1042 2187 1100 2254 est,
1135 2183 1172 2242 ut
1205 2182 1277 2240 tro·

141 2267 231 2350 paeis
255 2275 287 2330 et
308 2266 532 2330 monumentis
556 2267 620 2331 tuis
642 2266 792 2332 adlatura
813 2269 912 2332 finem
936 2267 979 2330 sit
1001 2275 1089 2330 aetas
1122 2299 1157 2310 -
1189 2261 1276 2326 nihil

142 2359 192 2416 est
215 2353 303 2415 enim
325 2372 423 2434 opere
435 2358 494 2415 aut
507 2370 606 2416 manu
618 2353 750 2431 factum,
763 2351 848 2436 quod
860 2372 927 2417 non
938 2348 1111 2434 aliquando
1122 2348 1278 2414 conficiat

143 2444 176 2500 et
198 2445 368 2502 consumat
390 2442 538 2502 vetustas
557 2472 596 2480 -
616 2444 649 2500 at
671 2439 752 2504 haec
776 2447 832 2501 tua
850 2437 976 2504 iustitia
994 2445 1029 2502 et
1037 2435 1157 2500 lenitas
1169 2432 1276 2498 animi

142 2522 285 2587 florescit
296 2521 439 2604 quotidie
452 2521 564 2604 magis,
576 2522 631 2597 ita,
645 2532 683 2587 ut
694 2531 852 2606 quantum
866 2523 932 2589 tuis
943 2522 1093 2606 oporibus
1106 2518 1276 2584 diuturni·

142 2607 363 2685 tasdetrahet,
387 2614 515 2672 tantum
539 2605 579 2672 ad
592 2608 676 2673 ferat
697 2608 865 2674 laudibus“
890 2609 1029 2686 ethaeo,
1046 2608 1190 2688 inquam,
1203 2611 1275 2669 tam

143 2694 285 2778 eleganti
296 2693 446 2774 scriptori
464 2693 633 2776 imputem,
656 2716 760 2777 neque
773 2693 889 2760 adduci
900 2716 1043 2778 possum,
1066 2691 1275 2756 utRicbtero

144 2779 304 2844 assentiar
319 2778 380 2843 bec
402 2778 476 2839 ἄνακ
490 2784 598 2842 λουθον
621 2781 838 2845 concitatioris
850 2781 1006 2845 orationis
1018 2798 1089 2844 esse
1102 2777 1273 2842 statuenti.

144 2863 232 2946 Quid
255 2864 343 2928 enim
366 2863 423 2929 sit:
447 2863 557 2942 „Haec
579 2886 631 2930 res
653 2872 746 2930 tauta
768 2873 826 2944 est,
855 2872 893 2930 ut
915 2866 1275 2948 tropaeisgmonumen·

145 2953 250 3033 tisque
273 2949 337 3014 tuis
355 2949 499 3014 allatura
521 2951 621 3015 finem
643 2951 686 3016 sit
716 2957 824 3018 aetas“
855 2975 897 3016 ne
930 2950 1109 3016 divinando
1139 2946 1276 3032 quidem

143 3036 301 3118 intelligo,
326 3056 387 3101 neo
410 3034 521 3113 alium,
545 3036 600 3118 qui
622 3045 737 3102 utatur
757 3037 847 3104 salvo
869 3036 998 3117 iudicio,
1021 3035 1150 3118 assequi
1168 3055 1275 3118 posse,

144 3121 416 3186 confirmaverim.
464 3122 512 3187 Ac
534 3121 600 3186 iam
623 3122 703 3189 alios
725 3125 904 3188 inhaesisse
927 3124 958 3186 in
981 3122 1039 3188 illa
1067 3123 1178 3205 inepta
1199 3141 1276 3186 sen·

143 3206 256 3283 tentia,
280 3206 560 3271 ostenduntvaria
582 3207 645 3274 loci
667 3208 805 3275 sanandi
823 3209 873 3274 vel
888 3207 1078 3274 restituendi
1090 3207 1275 3273 conamina.

143 3292 183 3356 Id
207 3299 318 3355 tamen
345 3292 450 3376 magis
477 3292 526 3356 illi
553 3294 658 3376 egisse
688 3294 848 3372 videntur,
883 3301 921 3359 ut
953 3293 1096 3359 codicum
1131 3292 1276 3377 vestigia

144 3378 246 3442 secuti
269 3377 467 3460 probabilem
491 3380 703 3444 restituerent
725 3379 913 3445 coniciendo
941 3379 1147 3456 sententiam,
1173 3400 1275 3462 quam

145 3470 182 3527 ut
203 3472 405 3544 quaererent,
428 3463 515 3529 unde
539 3463 620 3528 haee
642 3465 826 3547 corruptela
848 3473 920 3529 orta
931 3485 1000 3529 esse
1017 3463 1165 3547 putanda
1176 3472 1274 3530 esset.

144 3547 305 3631 Equidem
328 3547 405 3631 qnid
427 3549 489 3614 hac
512 3548 552 3613 de
575 3572 611 3612 re
638 3551 787 3628 sentiam,
816 3549 968 3615 brevibus
997 3570 1171 3633 exponam.
1215 3548 1276 3617 Sic

145 3633 213 3699 fore
243 3634 365 3699 factum
403 3655 473 3699 esse
508 3641 602 3716 puto,
641 3643 678 3699 ut
710 3636 800 3702 locus
834 3633 1077 3700 deformaretur.
1129 3637 1277 3702 Librarii

145 3718 228 3784 oculi
250 3718 486 3784 aberraverunt
509 3741 528 3784 a
550 3720 710 3802 particula
735 3728 809 3799 „ut‘
832 3741 928 3803 quam
951 3727 1025 3802 post
1047 3721 1148 3787 verba
1161 3727 1277 3800 „tanta

146 3811 214 3870 est“
229 3805 394 3869 exstitisse
416 3805 451 3868 in
463 3804 639 3889 archetypo
661 3806 838 3870 verisimile
860 3816 919 3885 est,
936 3807 977 3871 ad
987 3807 1089 3886 illam,
1101 3828 1183 3891 quae
1195 3814 1275 3872 ante

145 3888 340 3955 vocabulum
364 3890 504 3970 tropaeis
536 3890 666 3973 legitur,
700 3899 733 3956 et
766 3891 872 3968 verba,
902 3914 984 3974 quac
1016 3894 1276 3958 intercesserunt

146 3975 265 4039 omisit.
301 3972 390 4053 Quot
408 3983 516 4038 autem
539 3984 572 4040 et
593 3997 677 4060 qnae
700 3974 927 4042 interciderint
938 3979 1007 4044 eius
1030 3979 1164 4058 incuria,
1176 3977 1275 4044 hodie

147 4059 277 4124 difficile
300 4065 351 4122 est
373 4057 560 4137 diiudicata,
583 4081 781 4144 quamquam
801 4062 856 4126 vix
875 4061 971 4144 plura
999 4064 1097 4129 fuisse
1126 4065 1277 4146 putanda

148 4154 234 4223 sunt,
258 4165 354 4226 quarn
380 4165 461 4225 quae
480 4145 577 4209 unius
601 4168 714 4211 versus
733 4147 835 4228 spatio
854 4149 1090 4215 contineantur.
1116 4152 1276 4216 Attamen

149 4250 230 4312 quae
252 4230 414 4294 sententia
437 4229 518 4294 mihi
541 4232 705 4316 requirere
717 4231 880 4312 videatur,
893 4254 1041 4318 quaeque
1058 4243 1094 4300 ut
1109 4236 1277 4304 interiisse
