2820 4822
621 322 786 392 ..12-

139 498 332 578 Ascanium,
352 499 408 584 qui
431 497 530 582 vulgo
550 497 648 564 tertio
670 505 746 580 post
767 495 845 563 (thr.
870 517 955 563 anno
983 505 1081 564 natus
1103 516 1175 565 esse
1197 516 1265 561 cre-

140 585 238 667 ditur,
267 608 341 652 cam
370 585 496 668 legisse.
525 619 568 633 ··-
602 583 700 665 Quod
729 591 838 649 autem
867 583 962 662 dicit,
991 606 1115 650 morem
1144 583 1266 647 Roma-

138 693 256 738 norum
291 671 353 738 sibi
381 671 510 736 obstare
538 669 655 750 videri,
690 671 863 753 quominus
897 669 1089 736 Ciceronem
1117 667 1267 753 pluribus

139 758 250 825 verbis
272 757 409 825 Caesari
430 757 555 840 gratiae
578 755 683 840 egisse
703 764 805 839 putet,
837 777 889 820 me
911 754 1041 838 quidem
1070 756 1177 822 indice
1200 774 1266 818 non

139 843 219 910 satis
246 865 317 910 cese
344 842 528 927 putandum
557 852 608 907 est
635 841 675 905 ad
710 842 938 908 austeritatem
968 841 1058 907 illius
1087 839 1269 908 testimonii

138 928 379 995 infirmandam.
409 929 511 994 Recte
533 929 620 994 enim
643 928 814 992 Wormius
837 927 919 993 haec
936 926 1058 993 Wolfio
1081 926 1268 1009 obloquitur

137 1015 159 1080 l.
181 1015 202 1080 l.
224 1035 255 1098 p.
280 1019 330 1080 20.
379 1013 438 1091 ,Si
465 1015 519 1081 vel
547 1013 581 1078 id
609 1012 724 1080 damus
751 1013 836 1078 mori
864 1021 898 1079 et
925 1014 1106 1098 elegantiae
1136 1020 1265 1079 contra·

137 1101 224 1166 rium
251 1100 370 1180 fuisse,
400 1100 548 1183 longiore
577 1100 612 1163 in
642 1107 757 1165 senatu
787 1100 934 1164 oratione
968 1101 1093 1184 gratias
1123 1099 1265 1180 aliquem

138 1205 251 1271 agere;
293 1187 391 1252 huius
422 1208 482 1271 pro
516 1186 563 1251 M.
597 1185 756 1251 Marcello
795 1185 975 1268 gratiarum
1009 1186 1147 1252 actionis
1180 1183 1264 1248 ratio
1319 1250 1322 1260 ,

138 1273 234 1356 plane
251 1272 428 1357 singularis
450 1271 581 1337 videtur
599 1272 727 1337 efficere
748 1273 903 1353 potuisse,
927 1278 963 1336 ut
984 1292 1004 1335 a
1026 1293 1117 1337 more
1133 1278 1264 1353 recepto

138 1366 172 1424 et
193 1357 428 1424 consuetudine
451 1358 513 1424 hoc
540 1358 625 1436 loco,
649 1357 763 1422 Cicero
789 1356 978 1423 discederet.
1031 1359 1165 1423 Etenim
1188 1376 1263 1420 eum

137 1445 304 1528 inopinato
326 1464 402 1510 casu
424 1445 471 1509 sic
492 1444 593 1510 fuisse
611 1463 802 1525 percussum
825 1444 1033 1528 graviterque
1055 1452 1263 1519 commotum,

137 1539 176 1600 ut
192 1530 316 1597 laetitia
333 1530 504 1596 exsultans
523 1537 555 1595 ct
572 1529 718 1614 gestiens
729 1529 906 1612 voluptate,
929 1529 1071 1613 linguae,
1089 1531 1141 1595 cui
1164 1529 1265 1594 silen-

137 1617 221 1681 tium
233 1616 407 1694 indixerat,
425 1639 491 1682 non
503 1616 745 1699 temperaverit,
763 1615 873 1694 verba,
892 1637 974 1698 quae
986 1636 1085 1699 supra
1096 1617 1265 1697 posuimus

137 1723 178 1768 ex
200 1702 295 1786 epist.
319 1701 360 1767 ad
379 1701 573 1787 Sulpicium,
595 1702 768 1766 manifesto
787 1700 961 1768 declarant.
1007 1701 1074 1767 Sed
1096 1702 1265 1766 hominem

136 1788 189 1853 vel
218 1787 503 1872 prudentissinum
536 1795 569 1854 et
596 1787 862 1866 urbanissimum,
892 1788 938 1854 eie
967 1789 1191 1866 constitutum,
1219 1787 1266 1851 sic

137 1876 307 1954 affectum,
338 1874 491 1939 nonnihil
519 1873 643 1951 animo,
681 1880 810 1957 praeter
843 1895 964 1938 morem
994 1882 1028 1938 et
1056 1873 1264 1962 elegantiam,

136 1958 308 2044 indulgere
330 1959 419 2025 haud
442 1958 664 2025 mirabimur.“
718 1957 785 2024 Sed
815 1981 856 2024 ne
878 1959 918 2024 ad
932 1959 1100 2046 'eiusmodi
1130 1960 1263 2042 quidem

78 2104 80 2113 .
138 2046 381 2113 excusationem
399 2067 480 2125 esse,
503 2067 563 2112 our
585 2045 813 2128 confugiamus
836 2045 928 2111 docet
949 2045 1122 2110 Weislrius
1143 2045 1164 2110 l.
1187 2044 1262 2128 lp.

137 2135 178 2196 46
203 2139 236 2197 et
258 2138 298 2196 47
317 2133 374 2198 ubi
393 2132 581 2212 comprobat
603 2131 763 2214 exemplis
781 2153 823 2195 ex
845 2132 943 2196 Livio
963 2130 1140 2208 (XXVIII.
1166 2136 1205 2195 39
1230 2140 1264 2196 et

136 2217 246 2284 XLV.
275 2217 327 2302 13)
350 2227 383 2284 et
399 2241 441 2284 ex
453 2216 611 2284 Sallustio
626 2219 713 2301 (Ing.
736 2219 808 2298 110)
825 2218 941 2296 allatis,
959 2217 1058 2282 talem
1070 2219 1261 2296 orationem,

137 2304 267 2387 qualem
291 2303 405 2372 Cicero
428 2304 555 2368 tamin
579 2311 696 2369 senatu
719 2325 753 2368 se
771 2302 924 2369 habuisse
947 2311 1093 2381 testetur,
1116 2324 1183 2368 non
1206 2304 1262 2369 ab·

137 2390 304 2456 horruisse
327 2411 346 2455 a
367 2410 458 2454 more
480 2389 569 2455 illius
593 2391 717 2453 aetatis.
768 2387 837 2454 Suo
859 2390 929 2454 iure
951 2389 1053 2473 igitur
1074 2390 1264 2468 Passovius,

137 2475 307 2553 rationem,
330 2496 395 2558 qua
407 2475 550 2541 Wolfius
562 2497 603 2540 ex
615 2475 681 2539 illis
695 2474 863 2558 ,pluribus
877 2475 1004 2540 verbis“
1029 2483 1265 2559 argumentum

137 2570 250 2628 contra
270 2565 453 2628 orationem
475 2582 590 2626 eruere
608 2561 747 2641 studeat,
766 2560 825 2625 tali
843 2562 913 2626 viro
931 2559 1100 2644 indignam
1119 2561 1264 2628 iudicare

137 2647 277 2716 videtur.
303 2685 343 2696 -
366 2647 419 2712 Ad
441 2647 522 2713 haec
543 2646 626 2712 nihil
650 2646 743 2725 addo,
766 2645 852 2728 quod
875 2646 916 2711 ad
935 2647 1110 2712 refellenda
1133 2670 1172 2713 ea
1190 2661 1284 2731 pert

137 2734 251 2813 tineat,
275 2754 358 2818 quae
379 2755 420 2798 ex
435 2733 579 2798 moribus
593 2734 816 2797 Romanorum
839 2743 952 2798 contra
973 2734 1153 2799 orationem
1173 2734 1264 2799 Mar-

138 2819 309 2887 cellianam
338 2819 447 2903 colligi
476 2827 509 2885 et
536 2819 675 2901 proferri
707 2839 802 2902 posse
832 2818 973 2884 Wolfius
1003 2828 1131 2896 censet,
1159 2841 1265 2902 neque

137 2905 240 2972 refert
260 2906 353 2984 scire,
384 2927 462 2970 num
484 2910 599 2970 revera
621 2904 823 2970 consuetudo
846 2905 934 2970 illius
957 2906 1074 2971 aetatis
1096 2905 1171 2972 talis
1193 2905 1264 2970 fue-

138 2992 199 3069 rit,
228 2991 357 3074 qualem
385 2991 437 3056 vir
463 2991 576 3055 doetus
605 3013 640 3057 se
669 2989 858 3056 observasse
885 2989 972 3067 dicit,
1004 3013 1078 3056 eum
1107 2993 1176 3075 ipse
1208 2992 1264 3057 illo

136 3077 207 3142 loco
234 3099 264 3161 p.
294 3082 332 3140 27
363 3078 473 3142 statim
497 3077 605 3155 addat,
628 3099 669 3141 ex
691 3075 944 3159 locupletissimo
973 3076 1144 3142 Plutarchi
1172 3079 1264 3143 testi-

137 3163 247 3228 monio
261 3184 426 3247 apparere,
442 3163 518 3240 „illa
535 3163 629 3245 plura
640 3163 758 3245 verba“
773 3182 840 3226 non
851 3162 998 3244 explesse
1016 3162 1148 3227 modum
1160 3164 1265 3230 iustae

138 3249 308 3328 orationis,
338 3270 420 3332 quae
445 3247 563 3314 deinde
592 3255 702 3331 posset
729 3247 848 3313 litteris
877 3247 1035 3313 mandari.
1086 3250 1136 3315 Eo
1162 3250 1265 3332 igitur

138 3336 310 3418 abreptum
328 3335 478 3400 videmus
495 3336 605 3400 virum
624 3333 846 3400 doctissimum
865 3332 1040 3415 cupiditate
1052 3336 1267 3416 conquirendi

140 3434 263 3501 causas,
286 3421 405 3504 quibus
426 3420 524 3487 fidem
549 3419 706 3503 epistolae
730 3419 820 3484 illius
843 3418 1015 3485 Tullianae
1043 3419 1264 3501 labefactaret,

137 3515 175 3572 ut
197 3526 265 3571 non
287 3509 433 3584 sentiret,
456 3526 491 3571 se
509 3506 544 3570 in
566 3505 805 3572 inconstantiae
826 3506 950 3570 crimen
969 3506 1144 3581 incurrere,
1163 3505 1264 3573 modo

138 3599 346 3669 statuentem,
369 3593 549 3676 longiorem
567 3591 745 3657 orationem
764 3591 824 3658 sub
846 3591 912 3656 illis
943 3591 1111 3673 „pluribus
1133 3593 1261 3658 verbis*

136 3677 250 3756 latere,
273 3677 370 3742 modo
392 3677 448 3742 illa
475 3676 616 3741 formula
644 3678 763 3743 iustam
791 3677 972 3742 orationem
998 3677 1175 3761 significari
1209 3700 1265 3744 ne-

137 3771 280 3848 gantem.
309 3801 344 3812 -—
369 3762 437 3830 Sed
456 3784 497 3827 ne
525 3763 705 3846 iniquiores
736 3762 906 3828 videamur
939 3783 1009 3828 esse
1036 3762 1175 3844 iudices,
1206 3784 1264 3830 au-

139 3847 277 3928 diamus,
300 3848 461 3932 quomodo
484 3870 578 3915 suam
602 3849 799 3915 sententiam
829 3850 1008 3913 confirmet.
1056 3850 1161 3927 „Nam
1187 3871 1260 3915 cum

136 3935 232 4000 brevi
255 3941 328 4017 post
345 3935 533 4000 restitutum
551 3935 754 4013 Marcellum,
777 3934 894 4018 inquit,
917 3933 1031 4000 (licere
1050 3955 1109 4018 pro
1128 3936 1264 4020 Ligario

138 4019 288 4086 dicturus
309 4027 410 4099 osset,
427 4042 490 4104 quo
513 4021 644 4086 tandem
666 4027 761 4104 pacto
783 4020 942 4104 potuisset
964 4020 1087 4087 ansar
1114 4023 1161 4087 eis
1192 4043 1263 4087 ver-

137 4106 188 4170 bis
210 4108 267 4183 uti,
290 4106 409 4191 quibus
431 4116 500 4172 tum
523 4129 618 4173 usum
648 4105 749 4172 tradit
769 4106 967 4173 Plutarchus
995 4108 1044 4185 (in
1072 4106 1141 4173 vita
1170 4107 1264 4176 (lice-

137 4191 229 4256 ronis
250 4213 276 4258 o.
301 4197 341 4258 39
364 4213 396 4277 p.
420 4195 499 4268 880)
532 4196 575 4256 Τί
601 4192 707 4257 κωλύει
735 4190 788 4259 dmi
816 4191 924 4278 χρίιιιιι
949 4195 1114 4278 Κικέρωνος
1138 4192 1265 4259 οἰκοῦσαι

139 4279 283 4362 λέγοντος,
313 4280 378 4346 ἐπεὶ
398 4277 497 4348 πάλαι
518 4287 651 4366 κέκριται
675 4277 802 4366 uomodo
825 4277 896 4363 cirtio
923 4283 974 4345 acl
994 4283 1149 4362 πολέμιοςς
1182 4301 1265 4368 quae
