2820 4822
625 330 791 394 ...15-

141 515 216 564 csse
237 516 353 566 omnes
372 498 501 568 oadioes
527 506 704 569 teruntur.
728 535 769 549 -
792 498 861 567 Sed
882 505 994 581 restat,
1023 506 1061 567 nt
1082 500 1194 585 paucis
1218 522 1271 568 re·

142 583 363 667 spondeamus
381 586 482 667 adid,
504 608 569 671 quo
580 587 636 653 vol
651 588 797 653 maxime
814 585 906 652 naus
924 586 1139 670 praecedente
1148 585 1271 652 Wolfio

141 665 359 757 Spaldingius
381 673 629 739 Marcellianum
658 684 696 738 ut
722 673 924 756 suppositam
954 671 1172 741 damnandam
1199 693 1272 739 esse

141 766 285 822 censeat.
328 757 384 822 llli
408 760 498 825 enim
519 761 629 825 omnia
650 767 719 824 tam
747 759 930 839 illiberalia,
958 759 1105 838 humilia,
1136 758 1270 837 abiecta,

143 842 256 926 turpia
284 844 355 910 visa
383 853 489 923 erant,
518 855 558 910 ut
589 846 651 911 sibi
684 843 880 929 persuadere
912 866 980 910 non
1010 854 1129 928 posset,
1159 845 1270 910 virum

140 928 349 994 consularem
376 931 499 996 similia
525 931 634 998 dicere
661 941 719 997 aut
747 932 893 1015 potuisse
914 941 973 996 aut
998 931 1153 998 voluisse.
1204 931 1270 997 Hie

140 1012 232 1080 illius
255 1016 393 1101 vestigia
421 1038 575 1100 premens
602 1025 637 1083 et
665 1021 775 1082 omnia
804 1017 840 1082 in
868 1018 974 1085 maius
1008 1017 1170 1084 extollens
1198 1037 1270 1082 ora·

141 1099 267 1165 tionem
301 1123 436 1185 prorsus
471 1101 641 1189 indignam
677 1124 749 1169 esse
782 1103 950 1168 contendit
983 1102 1150 1183 Cicerone,
1184 1102 1270 1186 quod

122 1185 265 1251 referta
280 1189 325 1254 sit
346 1196 395 1253 tot
422 1197 554 1274 tamque
580 1191 700 1274 ineptis
729 1189 973 1255 adulationibus
1000 1198 1034 1256 et
1062 1197 1112 1255 tot
1139 1188 1270 1255 servilis

141 1273 347 1339 reverentiae
367 1276 482 1358 signis,
503 1285 541 1342 ut
562 1298 601 1342 ea
622 1276 714 1341 nullo
735 1284 830 1359 paeto
859 1297 879 1340 a
906 1283 976 1340 tam
1005 1277 1169 1343 constanti
1198 1276 1270 1340 viro

139 1355 253 1424 habita
275 1367 332 1425 aut
351 1362 536 1445 conscripta
557 1360 702 1446 putanda
724 1363 776 1427 sit.
821 1361 896 1427 Non
915 1383 1009 1446 nego,
1032 1382 1268 1445 nonnunquam

140 1453 306 1521 oratorem
326 1446 362 1512 in
382 1447 547 1513 laudanda
564 1447 793 1532 magnitudine
814 1449 916 1513 animi
940 1457 974 1512 et
996 1449 1170 1515 alsmantia
1187 1447 1269 1513 (lae-

141 1531 227 1596 saris
251 1539 349 1614 atque
376 1533 413 1598 iu
437 1534 673 1618 amplificandis
701 1533 771 1600 eius
798 1533 1004 1614 facinoribus,
1033 1535 1061 1600 si
1090 1534 1269 1599 orationem

140 1615 184 1681 ad
212 1619 317 1683 nostri
343 1621 501 1703 temporis
535 1642 667 1687 sensum
703 1629 736 1685 et
767 1640 874 1686 mores
908 1639 1116 1698 revocamus,
1151 1639 1267 1702 parum

139 1703 275 1768 modum
304 1725 453 1771 servasse
480 1706 596 1785 videri,
624 1727 729 1789 nsque
755 1706 895 1784 infiteor,
925 1726 1022 1789 saepe
1051 1727 1125 1772 eum
1152 1707 1267 1790 magis,

139 1808 240 1872 quam
262 1799 423 1873 parerat,
446 1794 556 1859 animo
578 1794 749 1875 repentina
769 1792 896 1857 laetitia
912 1793 1065 1876 gestienti
1083 1791 1268 1870 indulsisse,

140 1883 254 1941 tamen
276 1877 311 1942 in
333 1877 391 1943 illa
411 1883 566 1957 oratione,
590 1900 688 1962 quam
711 1879 998 1960 tamquaminvito
1020 1878 1081 1943 sibi
1099 1878 1268 1962 inopinata

139 1981 179 2026 re
200 1970 346 2045 ereptam
376 1986 445 2030 esse
475 1964 592 2030 Cicero
620 1966 689 2048 ipse
717 1964 806 2042 dicit,
836 1964 919 2029 nihil
946 1966 1098 2031 invenire
1123 1985 1266 2048 possum,

139 2047 227 2129 qnod
245 2069 284 2113 eo
301 2069 435 2132 prorsus
452 2051 625 2136 indignum
637 2059 726 2116 reete
744 2049 807 2114 diei
825 2051 936 2133 possit.
967 2051 998 2115 N
1000 2072 1052 2115 am
1070 2071 1267 2133 quamquam

139 2133 231 2198 haud
259 2156 334 2200 raro
361 2136 483 2203 nimius
511 2159 583 2203 esse
606 2135 735 2202 videtur
757 2144 867 2201 orator
887 2136 922 2201 in
950 2135 1103 2201 laudibus
1125 2135 1266 2213 victoris,

138 2227 252 2285 tamen
274 2242 310 2286 se
333 2221 374 2286 ad
396 2223 465 2288 eius
485 2224 584 2306 pedes
605 2223 692 2288 servi
713 2223 819 2287 instar
840 2243 906 2286 non
928 2220 1049 2301 abiicit,
1070 2229 1168 2304 atque
1196 2242 1268 2287 sae·

138 2305 214 2388 pius
241 2307 389 2390 increpat
415 2307 668 2392 quodammodo,
704 2309 732 2373 si
767 2308 952 2373 accuratius
981 2307 1173 2386 attenderis,
1210 2306 1267 2373 ubi

140 2400 328 2471 veneratur,
350 2397 407 2472 ita,
430 2403 467 2459 ut
484 2396 606 2478 optimo
628 2395 699 2459 iure
710 2394 850 2459 Iacobus
864 2391 995 2473 dixerit,
1020 2414 1114 2472 ,eum
1136 2391 1267 2476 quidem

138 2475 280 2542 blandiri
303 2478 436 2545 ansari
455 2502 523 2558 suo,
542 2502 603 2546 neo
621 2489 733 2545 tamen
759 2479 789 2545 ei
807 2501 950 2563 parcere,
975 2478 1118 2544 eundem
1135 2478 1266 2562 quidem

137 2582 192 2628 res
214 2564 255 2630 ab
273 2564 329 2630 illo
347 2567 513 2648 praeclare
530 2574 639 2650 gestas
658 2586 923 2644 commemorare,
942 2585 1002 2631 uec
1021 2573 1132 2630 tamen
1146 2573 1266 2645 tacere,

136 2669 223 2731 quae
245 2649 453 2729 desideraret,
476 2653 608 2717 omnino
631 2651 677 2718 sic
700 2673 774 2716 enm
791 2652 927 2717 miscere
948 2650 1058 2716 dulcia
1079 2670 1154 2716 cum
1177 2672 1266 2716 amu·

137 2733 195 2814 ris,
205 2735 294 2801 lenia
305 2758 380 2802 eum
396 2739 534 2817 acribus,
557 2738 666 2803 ntetsi
689 2758 754 2802 non
774 2738 824 2802 vir
835 2736 1043 2817 fortissimus,
1055 2745 1165 2801 tamen
1178 2744 1267 2801 certe

136 2819 422 2903 eloquentissimus
446 2831 480 2889 et
500 2823 777 2908 prudentissimus
801 2822 998 2889 videretur.“
1044 2824 1094 2889 Ac
1114 2829 1203 2888 certe
1229 2821 1265 2886 in

136 2905 210 2972 istis
249 2907 491 2978 adulationibus
523 2910 634 2975 minus
667 2908 829 2988 offendes,
862 2909 891 2975 si
924 2917 1125 2992 temporum,
1158 2907 1266 2991 qualia

136 2991 270 3075 quidem
300 3004 370 3058 tum
404 2995 546 3076 luerint,
571 2995 732 3061 rationem
762 2993 925 3060 habueris.
975 2993 1094 3060 Omnis
1124 3001 1266 3077 potestas

137 3085 208 3143 tum
231 3099 333 3162 penes
356 3081 529 3147 Gaesarem
557 3088 629 3147 erat
651 3089 684 3144 et
710 3081 940 3163 prudentiores
968 3080 1204 3165 intelligebant,
1233 3088 1266 3146 et

137 3184 231 3228 suam
254 3172 289 3229 et
309 3167 411 3231 totius
433 3167 630 3251 reipublicae
653 3165 793 3231 salutem
815 3167 852 3230 in
873 3167 943 3230 eins
965 3166 1101 3231 arbitrio
1123 3167 1263 3250 positam

137 3269 218 3315 csse.
269 3249 364 3315 Idem
394 3252 517 3318 Caesar
540 3260 648 3317 autem
680 3260 714 3317 et
742 3258 839 3316 antea
867 3252 1005 3318 victoria
1031 3273 1162 3317 summa
1190 3273 1264 3317 cnm

135 3333 360 3402 moderatione
381 3359 462 3404 usus
484 3346 554 3403 erat
580 3348 615 3404 et
636 3337 692 3402 illo
713 3336 766 3402 die
796 3337 997 3404 restituendo
1018 3337 1174 3404 Marcello
1196 3345 1264 3402 tam

136 3418 330 3487 clementem
354 3431 386 3488 et
408 3423 575 3489 liberalem
599 3445 634 3490 se
663 3424 882 3507 praestiterat,
914 3432 951 3487 nt
973 3421 1087 3488 Cicero
1115 3421 1263 3487 inaudita

136 3505 193 3569 illa
204 3507 305 3571 animi
319 3509 545 3593 magnitudine
557 3509 716 3575 adductus
734 3531 810 3574 eum
828 3531 894 3576 non
907 3517 1017 3592 posset
1038 3528 1105 3572 non
1124 3509 1261 3573 summis

135 3590 289 3659 laudibus
321 3595 437 3660 efferre
463 3603 496 3661 et
517 3596 721 3662 simillimum
743 3596 814 3660 Deo
851 3592 1045 3678 praedicare.
1087 3593 1264 3658 Praeterea

136 3677 226 3743 aliud
246 3680 382 3746 fortasse
404 3689 483 3761 erat,
507 3701 565 3746 our
586 3689 696 3746 orator
725 3703 777 3746 res
807 3681 940 3746 victoris
968 3679 1049 3744 adeo
1078 3690 1262 3744 exornaret.

134 3761 280 3830 Incitare
303 3765 477 3831 Caesarem
506 3766 618 3842 voluit,
647 3775 695 3831 tot
716 3765 868 3832 laudibus
896 3767 933 3829 in
960 3787 1034 3830 eum
1062 3764 1195 3844 collatis,
1226 3773 1263 3829 ut

135 3859 288 3934 pergeret
316 3853 553 3935 rempublicam
576 3851 731 3917 afflictam
760 3852 896 3934 erigere,
926 3871 1064 3933 eamque
1094 3851 1260 3934 sapienter

135 3935 361 4019 componendo
397 3948 565 4020 tamquam
594 3937 760 4002 cumulum
791 3936 925 4000 adderet
958 3936 1026 4001 suis
1054 3936 1259 4002 facinoribus.

134 4019 252 4105 ltaque
274 4043 350 4087 eum
371 4023 408 4087 in
430 4023 487 4087 illa
509 4023 655 4087 oratione
673 4044 737 4087 non
760 4044 795 4087 sc
817 4020 1040 4086 simulatorem
1063 4022 1262 4105 praebuisse,

134 4107 253 4173 sedux
277 4109 380 4173 animi
402 4110 565 4174 sententia
587 4108 710 4173 dixisse
739 4108 936 4190 putaverim,
966 4108 1157 4190 praesertim
1185 4129 1261 4173 oum

133 4213 228 4259 suam
250 4194 453 4260 veluntatem
474 4203 548 4278 post
570 4195 740 4261 victoriam
763 4193 915 4259 Caesaris
939 4213 1072 4276 prorsus
1099 4201 1261 4259 mutatam

133 4299 206 4348 csse
226 4279 297 4369 ipse
319 4287 471 4348 testetur:
495 4280 545 4348 uf.
574 4281 625 4347 ad.
647 4281 724 4347 fam.
750 4285 776 4361 l,
801 4283 829 4361 9,
849 4283 900 4345 21.
952 4279 1047 4360 „Non
1066 4299 1260 4363 permanen·
