2820 4822
563 296 733 358 ..⁴41-

87 469 174 533 hanc
207 487 319 532 vocem
354 486 421 530 non
450 465 546 531 modo
580 465 706 532 facinus
737 467 945 532 commissum
978 465 1031 532 vel
1060 465 1215 530 delictum

87 554 283 638 significare,
306 551 363 616 sed
391 553 491 617 etiam
514 551 740 632 conditionem,
769 574 833 636 qua
861 552 933 634 quis
959 559 1093 636 propter
1114 551 1214 616 male-

87 641 208 705 factum
232 637 361 720 aliquod
384 637 504 722 dignus
527 637 578 717 sit,
602 639 658 720 qui
675 658 780 721 poena
799 638 960 704 afficiatur
979 639 1032 713 (cf.
1051 638 1117 704 Oic.
1130 637 1213 702 Rala

87 724 185 791 Perd.
213 728 280 803 1,2
312 724 408 806 culpa
427 722 535 789 delicti
558 731 590 788 et
613 726 688 790 Ace.
712 728 763 804 25,
792 725 852 809 17).
899 724 1085 791 Confitetur
1114 724 1216 808 igitur

87 812 232 895 ingenue
250 817 368 888 orator,
393 832 427 875 se
448 817 481 874 et
499 809 588 888 alios,
608 811 664 892 qui
686 817 794 893 partes
810 811 960 894 Pompeii
977 811 1081 875 secuti
1098 817 1215 889 essent,

88 898 171 962 falso
199 905 296 980 atque
325 897 414 960 inani
445 903 536 961 metu
564 902 598 960 et
627 917 735 961 errore
764 896 871 980 aliquo
900 895 1056 962 adductos
1078 917 1157 974 esse,
1181 905 1218 961 ut

89 983 239 1050 Caesaris
273 981 454 1048 adversarii
487 982 676 1047 existerent.
732 981 805 1048 Hoc
838 983 971 1047 nomine
1004 1001 1082 1064 ergo
1114 1002 1149 1046 se
1182 988 1216 1047 et

88 1069 259 1152 plerosque
280 1066 517 1152 quodammodo
538 1069 684 1135 accusari
706 1090 814 1151 posse,
846 1069 907 1134 hoc
934 1068 995 1134 sibi
1024 1067 1216 1151 exprobrari

88 1176 192 1240 posse.
226 1154 400 1220 Neminem
423 1161 532 1218 tamen
550 1154 728 1238 quidquam
746 1154 955 1233 commisisse,
978 1153 1062 1236 quod
1084 1152 1216 1219 sceleris

88 1241 220 1306 nomine
242 1239 379 1324 dignum
402 1247 494 1305 esset.
544 1241 648 1324 Atque
670 1240 758 1305 idem
780 1242 902 1306 sentire
920 1239 1095 1306 Caesarem
1116 1259 1216 1321 seque

87 1328 176 1409 ipsos
204 1327 265 1391 hoc
292 1327 428 1392 crimine
457 1325 604 1405 liberare,
634 1325 710 1392 huic
739 1327 787 1391 rei
812 1326 1007 1393 documento
1037 1345 1108 1390 esse
1138 1324 1216 1390 dioit

89 1414 329 1478 restitutionem
352 1413 398 1477 M.
422 1411 580 1477 Marcelli.
625 1413 716 1476 Haeo
742 1412 845 1497 igitur
872 1420 922 1478 est
943 1412 1006 1478 loci
1035 1410 1215 1478 sententia:

92 1497 206 1576 „Denn
218 1499 279 1564 wir
299 1498 371 1577 alle,
396 1497 448 1563 die
460 1499 520 1565 wir
541 1498 577 1561 in
595 1501 689 1582 jenes
701 1499 811 1582 Lager
830 1498 932 1564 durch
950 1498 1004 1562 ein
1021 1495 1215 1581 beklagens·

88 1585 230 1650 werthes
263 1584 331 1649 und
366 1584 687 1666 verhdngnissvolles
716 1584 882 1651 Geschick
915 1582 972 1648 des
1001 1581 1131 1649 Staates
1161 1603 1216 1666 ge·

88 1671 214 1737 trieben
243 1669 389 1748 wurden,
424 1670 497 1734 sind
521 1672 612 1754 jetzt‚
645 1692 741 1737 wenn
770 1692 834 1736 uns
863 1669 947 1736 auch
977 1669 1035 1734 der
1061 1669 1222 1735 Vorwurf

89 1756 328 1822 menschlicher
352 1756 536 1839 Verirrung
559 1757 651 1835 trifft,
677 1777 741 1821 von
764 1755 822 1821 der
844 1756 998 1841 Anklage
1020 1755 1109 1821 eines
1131 1754 1215 1820 Ver-

88 1842 246 1909 brechens
267 1842 563 1927 freigesprochen.“
589 1877 627 1886 -
649 1842 690 1907 In
713 1842 861 1908 novitate
882 1849 991 1907 autem
1012 1840 1103 1906 illius
1123 1840 1217 1906 inne·

88 1936 182 1994 turae
207 1927 322 2011 „culpa
344 1929 484 1993 erroris“
509 1948 574 1993 non
604 1949 684 2008 esse,
715 1927 799 2011 quod
829 1929 1022 1993 haereamus
1044 1925 1216 1992 Weiskius

89 2014 183 2080 docet
204 2013 271 2079 his:
304 2012 494 2092 „Permulta
522 2014 675 2079 similiter
704 2015 817 2079 iuncta
839 2034 914 2080 cum
939 2034 1059 2098 magna
1081 2013 1216 2095 empha-

90 2121 161 2166 seos
184 2101 346 2184 gravitate
369 2099 455 2182 apud
474 2100 564 2166 huno
585 2101 691 2183 ipsum
705 2100 896 2166 Ciceronem
918 2107 951 2165 et
973 2100 1041 2164 eius
1064 2097 1216 2181 aequales

89 2186 251 2270 leguntur,
274 2207 411 2270 quorum
434 2186 581 2252 novitate
603 2207 716 2251 omncs
739 2185 953 2251 delectamur:
983 2191 1016 2250 et
1037 2191 1125 2251 recte
1146 2185 1216 2266 qui-

89 2272 173 2337 dem.
219 2270 308 2353 Quid
331 2271 418 2336 enim
442 2293 559 2338 causae
581 2279 640 2351 est,
666 2294 724 2337 eur
747 2272 885 2357 singula,
909 2291 992 2355 quae
1019 2291 1080 2336 neo
1101 2270 1217 2336 verbo·

90 2379 165 2423 rum
187 2357 428 2442 significationi,
452 2379 511 2423 nec
529 2379 636 2423 rerum
650 2367 785 2424 naturae
804 2364 998 2442 repugnent,
1021 2365 1054 2422 et
1066 2376 1085 2420 a
1099 2377 1217 2440 magno

91 2443 223 2527 quidem
252 2443 415 2509 scribendi
445 2445 568 2510 artifice
596 2445 747 2528 profecta,
778 2442 1000 2526 repudiemus3
1029 2443 1107 2509 bina
1129 2461 1216 2522 vero,

91 2535 150 2595 aut
171 2535 267 2595 terna
289 2529 447 2596 eiusmodi
471 2530 726 2614 amplectamur?
760 2530 836 2595 Non
855 2529 950 2596 modo
962 2530 1083 2595 Latina
1104 2529 1219 2612 lingua

92 2617 148 2682 vix
182 2614 358 2698 quidquam
393 2615 533 2682 scribere
564 2636 749 2699 possemus,
783 2616 840 2682 sed
871 2637 913 2681 ne
946 2615 1054 2699 patria
1086 2613 1218 2698 quidem

92 2702 206 2781 aliave,
236 2722 318 2785 quae
345 2702 442 2767 hodie
470 2704 504 2766 in
534 2723 595 2767 usu
619 2703 707 2767 vitae
729 2710 890 2777 versatur,
922 2701 1089 2767 commoda
1109 2708 1217 2765 utere·

92 2809 176 2868 mur,
200 2787 228 2852 si
249 2795 318 2853 tam
341 2788 422 2853 dura
443 2787 516 2872 lege
538 2786 681 2853 devincti
704 2810 857 2854 essemus.
893 2788 1014 2852 Actum
1037 2793 1124 2853 esset
1144 2806 1219 2870 pro-

91 2875 178 2940 fecto
209 2872 248 2938 de
281 2873 477 2956 eloquentia,
511 2874 540 2939 si
568 2875 607 2939 ob
636 2879 723 2938 recte
750 2880 783 2937 et
814 2874 960 2940 breviter
993 2881 1026 2939 et
1055 2872 1220 2956 sapienter

94 2959 190 3039 dicta,
208 2981 290 3043 quae
308 2959 394 3043 apud
413 2959 493 3024 alios
511 2960 684 3042 scriptores
702 2980 769 3023 non
791 2967 970 3039 occurrant,
995 2959 1117 3042 optima
1139 2957 1218 3042 opti·

93 3067 223 3112 morum
245 3047 438 3129 scriptorum
461 3065 560 3129 opera
580 3045 843 3111 damnarentur.“

179 3133 252 3198 Iam
280 3152 369 3211 vero,
401 3132 589 3215 priusquam
620 3130 661 3195 ad
695 3129 785 3194 aliud
817 3130 971 3214 quiddam
1005 3136 1219 3207 transeamus,

94 3238 225 3284 necesse
254 3218 325 3296 erit,
359 3227 397 3281 ut
424 3238 529 3299 pauca
557 3215 714 3282 addamus
737 3216 776 3282 de
804 3216 1040 3295 emendatione,
1073 3237 1155 3298 quae
1183 3216 1219 3279 in

93 3301 329 3370 recentioribus
356 3302 555 3369 editionibus
582 3303 759 3368 invenitur.
804 3302 981 3368 Richterus
1006 3312 1039 3367 et
1066 3302 1123 3366 alii
1144 3308 1220 3366 ante

95 3410 208 3457 vocem
232 3389 382 3468 „sedere“
406 3387 600 3471 particulam
625 3395 696 3466 „at“
725 3386 931 3453 inserendam
952 3392 1139 3471 proponunt
1159 3407 1220 3471 pro

98 3482 155 3555 ‚,a“
180 3474 232 3542 vel
257 3474 347 3552 „ab“,
370 3474 453 3558 quod
475 3475 509 3539 in
532 3474 699 3539 nonnullis
721 3474 811 3539 libris
834 3475 1064 3556 manuscriptis
1086 3473 1220 3554 exhibe·

96 3570 160 3626 tur.
210 3560 301 3627 Haec
333 3561 519 3627 coniectura
551 3559 633 3623 mihi
666 3561 798 3625 omnino
832 3581 898 3625 non
938 3561 1102 3644 probatur.
1152 3559 1219 3625 Re-

96 3653 191 3731 cepta
212 3647 301 3712 enim
323 3646 380 3712 illa
402 3645 562 3730 particula
583 3645 687 3709 multo
708 3645 894 3730 languidior
916 3647 954 3710 fit
975 3667 1097 3725 sermo;
1120 3667 1220 3730 asyn-

97 3733 203 3812 deton,
233 3732 320 3816 quod
341 3739 486 3809 vocatur,
520 3731 590 3810 sine
619 3728 716 3795 dubio
746 3732 854 3815 aptius
883 3739 933 3797 est
960 3738 991 3796 et
1019 3731 1093 3815 plus
1122 3730 1221 3796 habet

96 3817 257 3903 ponderis.
303 3817 452 3896 Accedit,
482 3816 567 3900 quod
596 3815 780 3881 emendatio
814 3818 930 3881 nititur
957 3817 1108 3894 lectione,
1137 3835 1221 3899 quaa

96 3909 209 3987 aperte
237 3923 315 3986 prae
344 3924 379 3969 se
408 3905 470 3968 fert
499 3902 760 3985 interpolationis
789 3903 940 3986 speciem.
990 3903 1095 3968 Nemo
1123 3902 1220 3982 enim,

96 3991 154 4074 qui
176 3989 305 4072 quidem
326 3990 485 4053 rationem
508 3986 665 4062 codicum,
696 3987 801 4069 qualis
822 3989 865 4052 sit
887 3990 1100 4073 perspexerit,
1128 3987 1219 4053 dubi-

96 4075 189 4152 tabit,
213 4075 291 4156 quin
312 4073 395 4138 illud
421 4080 477 4151 „a“
503 4074 555 4137 vel
581 4072 657 4148 „ab“
683 4082 795 4154 postea
816 4074 961 4139 additum
985 4076 1036 4139 sit.

183 4160 236 4226 Ad
260 4162 283 4243 ξ.
311 4166 347 4222 14
369 4159 511 4224 Wolfius
534 4159 613 4223 haec
635 4157 785 4222 adnotat:
812 4161 980 4237 „Faernus
1003 4168 1036 4223 et
1056 4159 1220 4225 Patricius

97 4247 243 4329 expungi
273 4244 453 4311 suadebant
477 4245 612 4324 „socia“,
642 4245 763 4328 inquo
791 4245 912 4328 aliquid
935 4245 1054 4311 vidisse
1077 4265 1132 4311 eos
1154 4248 1220 4330 opi·

96 4351 167 4400 nor.
211 4332 310 4401 Oerte
332 4330 469 4399 adiectio
491 4331 580 4400 vocis
601 4350 667 4396 non
689 4328 788 4399 habet
810 4330 1058 4400 Ciceronianam
1080 4332 1220 4418 copiam;
