2820 4822
617 295 719 363 ..qs
742 332 782 344 ..

138 462 227 528 sisse.
251 461 300 529 Ol.
322 465 376 529 De
396 465 450 531 off.
472 465 499 532 Ι.
523 470 551 544 7,
576 469 612 528 21
634 466 714 542 ,Ex
736 485 809 547 quo,
832 466 908 548 quia
930 487 1024 530 suum
1047 465 1209 547 cuiusque
1225 467 1263 530 fit

138 567 259 626 eorum,
282 569 364 631 quae
382 559 499 615 natura
519 551 650 615 fuerant
666 551 867 616 eommunia:
891 550 977 633 quod
999 551 1114 634 auique
1135 550 1261 634 obtigit,

137 630 172 696 id
192 632 328 715 quisque
351 642 490 700 teneat.“
535 635 628 701 Haeo
649 636 707 717 qui
728 657 838 702 seeum
859 637 1069 720 reputaverit,
1093 635 1156 701 nisi
1179 636 1262 701 forte

137 716 247 802 iniquo
269 718 387 786 iudioio
410 721 520 798 utitur,
551 727 584 784 et
610 721 642 784 iu
671 722 835 786 sententia
856 730 889 786 et
915 723 952 787 in
974 720 1187 804 grammatica
1208 742 1260 785 ra·

124 801 228 884 ¹tione
250 803 339 868 illius
360 805 422 869 looi
443 805 711 887 aequiesoendum
734 827 814 881 esse,
837 807 999 872 oonoedet

222 973 294 1037 Iam
315 996 394 1040 vero
416 975 458 1040 ad
480 982 577 1058 eaput
598 976 737 1040 alterum
765 975 1003 1042 transeundum
1026 975 1164 1054 videtur,
1195 997 1261 1059 quo

137 1057 237 1122 etiam
269 1060 375 1143 magis
407 1061 575 1144 ingenium
604 1060 772 1126 Oioeronis
804 1082 960 1145 apparere
989 1071 1077 1127 reete
1112 1059 1259 1126 animad-

141 1143 237 1208 vertit
265 1144 401 1210 Iaeobus
429 1147 510 1211 haee
539 1154 703 1211 statuens:
738 1147 848 1224 „Nihil
877 1148 912 1213 in
941 1166 979 1211 eo
1007 1146 1143 1230 longum
1174 1146 1261 1229 sapit

137 1226 393 1312 meditatamque
415 1232 600 1310 exordium3
628 1231 685 1296 sed
707 1230 792 1314 quod
819 1232 869 1296 illi
890 1232 955 1297 diei
982 1231 1188 1313 aptissimum
1212 1232 1259 1296 vi-

137 1312 241 1392 detur,
264 1315 376 1380 statim
395 1315 569 1383 Gaesarem
587 1316 779 1401 appellando
802 1317 842 1382 ad
865 1318 952 1400 ipsas
970 1317 1094 1400 gratias
1114 1316 1260 1400 agendas

137 1397 301 1465 aooeditur
322 1399 451 1467 dioendi
473 1423 591 1486 genere
612 1401 700 1479 forti,
727 1403 831 1486 gravi,
860 1402 1008 1485 quodque
1030 1401 1139 1467 animo
1161 1403 1260 1467 rebus

136 1482 285 1566 plurimis
314 1493 475 1551 eommoto
508 1487 669 1570 imprimis
698 1494 884 1571 oongruat.“
930 1487 1038 1552 Aliter
1064 1486 1126 1552 hae
1154 1486 1194 1550 de
1223 1508 1259 1552 re

136 1568 244 1634 visum
270 1577 322 1636 est
347 1571 477 1638 Wolfio.
522 1573 594 1637 Iam
622 1574 758 1639 ineunte
791 1574 895 1656 eapite
928 1593 1048 1638 novam
1080 1571 1259 1654 reprehen-

137 1653 235 1719 dendi
256 1655 385 1723 invenit
407 1679 530 1723 ansam.
564 1659 670 1740 Negat
692 1659 779 1723 enim
803 1660 945 1735 „flumen
965 1657 1109 1740 ingenii“
1130 1678 1149 1720 a
1167 1656 1260 1723 (liee-

136 1759 216 1804 rono
249 1740 312 1807 dioi
344 1744 497 1826 potuisse,
530 1763 605 1808 oum
638 1743 765 1808 nullum
797 1750 905 1809 exstet
937 1743 1134 1824 exemplum,
1170 1743 1261 1812 ouius

136 1825 348 1893 similitudine
381 1828 446 1892 talo
479 1827 555 1910 quid
588 1829 823 1910 comprobetur.
868 1829 1126 1910 Frequentatum
1159 1827 1261 1893 fuisse

135 1911 259 1976 oratori
289 1913 489 1990 „ubertatem
519 1921 552 1977 et
578 1915 701 1980 flumen
723 1914 877 1979 orationis
898 1913 953 1979 vel
975 1914 1157 1990 verborum,
1190 1913 1260 1990 „in-

136 1997 244 2080 genii“
270 2005 380 2063 autem
406 2000 566 2075 „flumen“
590 1999 630 2063 ab
653 1999 723 2064 eius
742 2020 804 2064 usu
821 1999 1005 2064 abhorrere.
1028 1997 1203 2062 -Etiam
1226 1998 1261 2062 in

136 2081 225 2148 huno
253 2082 359 2149 looum
389 2083 549 2166 quadrare
572 2082 709 2162 videtur,
740 2083 826 2165 quod
847 2084 1020 2148 Wormius
1041 2105 1071 2165 p.
1099 2087 1157 2147 109
1182 2103 1260 2165 que-

136 2167 238 2245 ritur;
269 2168 392 2234 soilioet
413 2177 463 2234 est
485 2169 661 2234 defensoris
684 2169 835 2246 conditio,
858 2191 955 2251 quam
978 2168 1174 2234 aoousatoris
1195 2169 1260 2232 ini·

136 2253 244 2334 quior,
274 2253 359 2335 quod
381 2275 455 2320 oum
481 2254 536 2320 hio
564 2254 664 2336 digito
687 2263 887 2320 monstrasse
909 2266 942 2319 et
971 2255 1071 2320 verbo
1094 2254 1261 2318 monuisse

137 2344 309 2403 oontentns
328 2338 379 2417 sit,
398 2339 447 2403 illi
464 2338 505 2404 ad
524 2340 726 2421 suspioiones
743 2340 879 2406 inieotas
897 2339 1052 2406 delendas
1071 2345 1103 2403 et
1121 2338 1261 2404 erimina

137 2420 291 2487 diluenda
312 2422 457 2507 longiore
478 2425 624 2489 oratione
647 2445 727 2505 opus
750 2434 807 2490 est.

225 2506 387 2584 „Flumen
415 2509 609 2575 verborum“
638 2509 739 2592 igitur
767 2511 820 2576 vir
855 2509 969 2575 doetus
1000 2507 1078 2573 dioit
1116 2509 1260 2575 inveniri

140 2591 225 2674 apud
248 2592 449 2673 Oieeronem,
474 2614 540 2657 non
565 2596 705 2671 „flumen
723 2595 879 2678 ingenii“,
898 2615 980 2676 quae
1009 2594 1201 2676 metaphora
1230 2595 1261 2660 ei

138 2676 290 2743 audaoior
312 2676 455 2744 videtur.
480 2679 548 2745 Res
570 2679 711 2744 omnium
737 2680 927 2746 difficillima
949 2687 1007 2757 est,
1030 2679 1091 2745 hoo
1114 2686 1261 2761 temporo

137 2769 370 2846 statuereque
390 2763 543 2829 audaciae
565 2766 684 2829 oratori
701 2765 853 2830 Romano
875 2764 1005 2831 liquerit
1027 2763 1201 2846 procedere
1223 2765 1260 2828 in

137 2847 339 2930 metaphoris
357 2847 556 2915 adhibendis.
587 2850 662 2914 Non
680 2855 746 2914 tam
769 2850 898 2934 augusti
910 2849 1023 2916 Oiooro
1046 2849 1108 2913 fuit
1124 2850 1259 2934 ingenii,

138 2941 175 2998 ut
196 2933 318 2998 eisdem
340 2955 468 3015 semper
490 2934 637 3000 formulis
661 2939 816 3014 uteretur,
845 2934 902 3000 sed
924 2935 1090 3018 praestitit
1116 2955 1176 3016 pro
1200 2955 1261 3000 sua

137 3017 286 3084 ubertate
307 3021 390 3086 miro
413 3020 572 3085 sermonis
595 3019 742 3085 variandi
765 3021 910 3086 artifieio.
956 3019 1044 3084 Hine
1065 3020 1260 3084 innumerae

137 3102 213 3168 illae
240 3105 417 3187 imagines,
447 3126 530 3187 quae
560 3127 633 3170 oum
663 3126 767 3188 neque
800 3113 877 3170 ante
902 3125 977 3170 oum
1010 3125 1114 3186 neque
1147 3113 1261 3187 postea

138 3188 345 3272 reperiantur
377 3191 527 3277 propriae
560 3190 630 3256 eius
661 3189 815 3256 dicendae
849 3191 924 3256 sint.
987 3189 1136 3270 Quarum
1170 3189 1260 3254 haud

137 3293 259 3356 paneae
287 3275 333 3339 ita
362 3281 568 3358 comparatae
598 3283 684 3353 sunt,
712 3283 749 3340 ut
778 3276 817 3355 ei,
850 3277 904 3357 qui
933 3275 1062 3341 dicendi
1092 3283 1197 3339 artem
1227 3281 1261 3340 et

138 3357 343 3440 disoiplinam
365 3382 429 3426 non
452 3369 490 3425 ut
512 3382 587 3426 suas
622 3360 793 3442 possideat,
815 3359 872 3426 sed
896 3370 933 3426 ut
959 3360 1082 3426 alienas
1109 3359 1198 3436 libet,
1231 3360 1261 3424 si

138 3465 193 3510 eas
225 3465 302 3510 suae
326 3446 491 3511 faeultatis
517 3445 648 3510 modulo
678 3467 742 3510 non
771 3447 873 3529 ipsius
902 3446 1104 3528 eloquentiae
1132 3445 1260 3511 viribus

138 3530 301 3608 metiatur,
325 3531 461 3615 frigidae
484 3541 516 3595 et
537 3531 669 3614 inopte-e
690 3541 755 3596 'aut
776 3532 921 3598 insulsae
943 3540 976 3595 et
997 3530 1137 3613 pueriles
1167 3529 1260 3595 vide·

138 3622 243 3679 antur.
295 3616 335 3680 In
369 3638 506 3698 quarum
534 3638 670 3682 numero
697 3617 790 3683 illum
819 3617 925 3681 looum
955 3615 1122 3680 retulerim
1152 3618 1175 3698 ξ.
1208 3616 1257 3679 10.

141 3700 317 3780 „Parietes
340 3700 465 3768 modius
488 3701 593 3781 fidius,
616 3710 652 3767 ut
673 3703 756 3766 mihi
778 3702 915 3778 videtur,
938 3701 1035 3764 huius
1057 3699 1176 3764 Curiae
1198 3699 1259 3764 tibi

73 3860 75 3864 Α
138 3785 260 3868 gratias
279 3806 376 3870 agere
397 3787 544 3870 gestiunt
566 3798 598 3851 et
616 3809 644 3869 q.
667 3794 760 3864 seo.“,
779 3808 874 3868 quem
894 3787 1014 3849 iniuria
1032 3784 1184 3849 aWolfio
1207 3807 1259 3849 re·

138 3871 297 3953 prehendi
319 3873 385 3935 iam
407 3872 578 3937 Wormius
601 3880 633 3936 et
650 3871 820 3937 Weishius
842 3871 1032 3935 doouerunt.

224 3954 291 4020 Sed
324 3965 360 4019 ut
393 3977 446 4033 eo,
481 3956 566 4021 unde
599 3956 736 4039 digressi
769 3977 881 4020 sumus
916 3962 1134 4030 revertamur,
1177 3953 1259 4018 illud

143 4041 281 4118 „flumen
299 4041 453 4124 ingonii“‚
473 4040 558 4121 quod
570 4042 637 4105 fere
648 4041 734 4106 idem
753 4047 811 4117 ost,
830 4062 866 4105 ao
886 4047 1033 4105 nostrum
1047 4036 1260 4113 „Godanhen

138 4126 231 4202 ssusa,
262 4124 637 4208 Godanhensehwung“‚
674 4147 768 4190 nemo
804 4125 995 4207 prudent-ior
1032 4129 1203 4205 propteroa
1239 4144 1259 4186 a

140 4209 295 4276 Oioerono
326 4211 470 4277 alionum
494 4210 658 4288 iudieabit,
681 4211 766 4294 quod
795 4232 859 4276 non
887 4211 950 4275 nisi
978 4210 1041 4275 hoe
1067 4208 1136 4272 loeo
1165 4207 1256 4274 inve·
