2820 4822
614 313 780 377 „43-

219 483 261 549 In
283 487 306 568 §.
331 485 381 550 22.
416 482 560 550 Wolfius
582 481 727 550 eiusdem
746 481 881 550 Patrieii
903 480 1098 548 sententiam
1121 479 1265 564 amplec-

104 613 108 619 ‚
135 571 226 649 titur,
257 571 315 654 qui
341 571 393 636 his
423 571 533 636 verbis
560 569 754 636 vocabulum
778 568 989 650 ,dumtaxatt
1014 590 1082 634 non
1112 587 1171 632 suo
1193 566 1266 632 leco

135 676 206 721 esse
228 656 439 740 comprobare
461 656 584 721 studet:
616 657 717 740 ,Ege
746 657 862 739 inquit,
890 655 930 721 ab
952 655 1026 719 istis
1053 652 1262 734 „dumtaxat“

134 743 362 808 communibus
388 742 542 823 periculis
570 742 651 807 satis
679 741 898 809 metuendum,
922 761 992 806 esse
1022 742 1143 806 sentio:
1176 737 1265 821 quid,

134 829 164 894 si
186 840 355 910 praeterea
377 826 514 892 accedat⁴
530 827 635 893 scelus
662 825 891 893 inimicorum?
936 827 1026 910 Ergo
1051 826 1263 904 ,dumtaxat“

135 912 189 980 hic
210 914 298 979 valet
319 911 518 994 τούλάχιστον,
546 921 583 978 ut
604 934 663 995 pro
685 913 749 978 Dei
771 933 797 978 c.
821 912 847 976 Ι.
878 912 913 975 in
936 919 991 977 tuo
1014 911 1189 977 dumtaxat
1209 932 1267 994 pe·

135 1000 246 1065 riculo.
290 999 405 1064 Latini
434 998 468 1063 id
497 1000 577 1064 alias
606 999 797 1082 exprimunt
828 999 982 1080 fereper
1012 997 1138 1063 saltem.
1183 997 1281 1062 Dixi.

135 1092 245 1151 autem
276 1085 400 1165 „fere“:
431 1086 490 1148 vix
520 1086 609 1151 enim
637 1086 699 1150 hoc
727 1086 796 1167 ipso
826 1084 936 1168 recte:
944 1084 1150 1167 exprimitur,
1179 1081 1268 1167 quod

135 1171 221 1237 volo.
261 1171 348 1236 Volo
370 1179 492 1249 autem,
523 1171 585 1236 isto
606 1170 780 1236 locutionis
801 1190 921 1254 genere
946 1191 1012 1235 non
1033 1168 1117 1235 illud
1138 1170 1267 1255 signifi·

136 1257 214 1336 cari,
237 1256 320 1322 nihil
342 1277 413 1322 esse
434 1255 584 1339 amplius,
610 1263 742 1338 praeter
763 1277 857 1322 casus
879 1255 1181 1405 ipsosfficommunes
1203 1256 1267 1321 bu·

136 1363 260 1422 manos,
278 1341 366 1426 quod
384 1339 664 1408 extimescendum
682 1343 734 1421 sit,
758 1339 816 1407 sed
833 1343 942 1424 potius
963 1341 975 1405 i
1002 1339 1119 1427 augin
1136 1341 1267 1408 casibus

135 1427 217 1512 ipsis
240 1428 392 1494 humanis
414 1428 493 1494 eatis
514 1427 622 1494 inesse
644 1449 775 1494 causam
798 1427 839 1492 ad
861 1427 1020 1508 timorem,
1043 1429 1172 1494 etiamsi
1193 1427 1269 1493 nul·

136 1514 189 1581 lus
211 1522 316 1579 terror
337 1512 470 1581 accedat
491 1515 532 1581 ab
554 1514 723 1580 inimicis.“
767 1513 863 1596 Quod
885 1514 1048 1591 Patricius
1070 1513 1268 1595 alucinatur,

137 1620 205 1666 non
225 1600 338 1679 miror,
360 1599 448 1684 quod
468 1609 579 1666 autem
603 1600 862 1666 eruditissimum
881 1597 1143 1685 virumssuarnm
1162 1620 1270 1685 nuga-

136 1707 211 1753 rum
244 1686 372 1753 invenit
404 1687 537 1766 socium,
560 1687 640 1752 satis
672 1686 787 1752 mirari
819 1707 885 1750 non
916 1706 1057 1770 possum.
1101 1687 1270 1754 Patricius

136 1794 242 1856 neque
264 1772 366 1838 totins
387 1770 450 1839 loci
471 1773 669 1838 sententiam
691 1772 868 1856 perspexit,
899 1771 1145 1855 nechuid-,sibi
1166 1772 1278 1841 vellet-

137 1858 194 1923 illa
214 1857 377 1940 particula
397 1857 571 1924 intellexit.
615 1859 824 1942 Exposuerat
851 1857 1121 1924 antecedentibus
1143 1858 1270 1941 (licere,

138 1943 261 2009 nullam
285 1965 356 2010 esse
381 1944 507 2010 timeris
534 1964 677 2011 causam.
721 1944 807 2010 Nam
828 1965 871 2008 ex
893 1943 1100 2010 Caesarianis
1126 1943 1269 2012 insidias

137 2050 205 2094 non
227 2027 390 2095 timendas
416 2051 502 2110 esse,
532 2052 592 2097 nec
611 2031 717 2115 magis
738 2052 780 2095 ex
802 2030 1021 2112 Pompeianis,
1050 2032 1106 2114 qui
1134 2032 1269 2114 quidem

138 2124 357 2199 superessent,
385 2138 460 2183 cum
482 2115 517 2180 hi
539 2138 580 2182 ex
606 2117 747 2182 inimicis
774 2116 941 2183 beneficiis
962 2116 1114 2182 Caesaris
1136 2117 1269 2184 amicis·

138 2202 239 2267 simos
267 2202 337 2269 eins
366 2203 442 2269 facti
470 2209 587 2268 essent.
632 2203 750 2286 Itaque
777 2224 852 2269 cum
875 2222 894 2266 a
915 2209 1033 2268 neutra
1057 2209 1150 2286 parte
1173 2203 1271 2288 quid·

138 2309 236 2371 quam
258 2289 395 2371 periculi
417 2289 613 2368 immineret,
643 2309 738 2355 casus
761 2295 892 2354 tantum
915 2288 1078 2354 humanos
1100 2297 1133 2354 et
1161 2289 1271 2357 incer·

139 2380 191 2438 tos
223 2374 424 2440 valetudinis
457 2388 593 2441 eventus
622 2373 880 2441 extimescendos
913 2395 993 2441 esse.
1045 2374 1155 2461 Igitur
1186 2375 1273 2443 illud

139 2458 353 2541 ,dumtaxac
373 2480 441 2524 non
459 2460 607 2527 vocabuli
634 2460 786 2540 „saltem“
813 2461 978 2527 notionem
1000 2460 1107 2541 habet,
1129 2461 1188 2528 sed
1209 2484 1272 2546 pre

139 2544 301 2628 particula
326 2549 492 2626 „tantnm“
511 2546 566 2613 vel
586 2544 846 2624 „tantummode“
872 2547 1016 2630 pesitum
1037 2554 1071 2613 et
1092 2549 1271 2615 vernaculo

139 2652 377 2716 sermoneper
405 2638 505 2714 „nur“
539 2631 732 2700 vertendum
763 2641 821 2699 est.
869 2631 996 2699 Eadem
1027 2633 1271 2718 significatione

140 2717 203 2783 hcc
225 2718 419 2785 vccabulum
441 2717 623 2784 adhibitum
646 2727 698 2785 est
716 2718 782 2785 Oic.
802 2717 843 2784 de
860 2719 943 2803 Rep
966 2718 1011 2784 11.
1032 2723 1071 2784 32
1100 2721 1271 2801 „consules

140 2811 336 2889 potestatem
363 2803 523 2871 haberent
550 2811 696 2889 tempore
726 2804 901 2871 dumtaxat
929 2811 1101 2872 annuam.“
1149 2806 1198 2872 Id.
1229 2807 1271 2873 de

140 2898 207 2955 nat.
231 2888 317 2956 deor.
341 2889 368 2955 l.
392 2893 443 2970 38,
468 2895 526 2955 107
552 2892 696 2975 ,species
725 2890 898 2956 dumtaxat
926 2892 1062 2957 obicitur
1085 2891 1267 2976 quaedam“

140 2973 218 3042 ibid.
243 2981 295 3126 fil,
331 2980 390 3042 123
423 2975 632 3042 lineamentis
666 2976 840 3043 dumtaxat
872 2978 1029 3044 extremis
1061 2978 1100 3044 cf.
1132 2978 1197 3046 Cic.
1229 2979 1271 3046 de

141 3069 221 3127 orat.
281 3066 364 3142 .27,
391 3066 460 3128 119.

227 3147 320 3230 Quae
348 3149 498 3233 exempla
526 3147 656 3230 docent,
688 3148 771 3214 illud
805 3149 1009 3230 „dumtaxeu
1036 3149 1068 3215 h.
1091 3150 1114 3216 l.
1142 3172 1185 3217 ex
1207 3173 1270 3218 usu

142 3233 309 3300 Ciceronis
331 3243 524 3319 usurpatum
547 3256 617 3301 esse
635 3256 741 3319 neque
758 3234 933 3319 quidquam
956 3237 992 3300 in
1015 3257 1052 3302 eo
1074 3256 1144 3302 esse
1164 3237 1269 3304 offen-

142 3319 252 3386 sione
296 3320 410 3404 Neque
435 3321 578 3387 Wolfins
609 3322 646 3385 in
679 3341 717 3386 eo
749 3321 952 3388 offensurum
984 3322 1084 3389 fnisse
1115 3331 1207 3406 pute,
1240 3325 1270 3390 si

142 3426 239 3471 suum
261 3405 420 3472 iudicium
442 3405 558 3473 ducem
580 3408 680 3490 sequi,
704 3429 801 3492 quam
823 3408 947 3474 oratori
969 3408 1101 3493 iniquus
1122 3409 1269 3494 ineptam

141 3491 278 3557 Patricii
299 3493 494 3558 sententiam
514 3493 667 3576 amplecti
687 3494 863 3560 maluisset.

227 3577 302 3643 Non
323 3579 430 3663 magis
451 3579 618 3663 integrum
646 3578 786 3646 iudicem
809 3580 860 3648 vir
882 3580 997 3646 doetus
1018 3602 1054 3646 se
1075 3578 1211 3665 praebet
1232 3581 1269 3646 in
1297 3583 1298 3586 ’

142 3665 166 3746 §.
197 3667 237 3726 25
269 3663 501 3747 percensenda.
556 3664 722 3731 Vitiosum
753 3666 947 3752 perstringit
979 3687 1084 3751 genus
1115 3665 1270 3750 loquendi

141 3747 229 3830 qued
250 3751 329 3815 insit
348 3751 385 3815 in
406 3750 533 3817 verbis:
568 3750 702 3831 „Orode
725 3752 781 3818 sed
810 3760 880 3817 tum
901 3752 935 3817 id
958 3752 1136 3819 audirem.“
1180 3752 1269 3818 Nam

145 3832 292 3914 „cred0“‚
321 3836 437 3919 inquit,
471 3858 531 3920 per
559 3858 595 3903 se
621 3838 719 3922 plane
748 3847 798 3903 est
828 3837 972 3918 „audic“,
1000 3841 1148 3924 „probc“,
1174 3859 1268 3923 „per-

142 3919 260 3986 suades
281 3919 394 3986 1111111(ε
435 3921 530 4004 Quod
553 3944 629 3989 cum
651 3923 780 4004 dicitur,
804 3923 940 4009 adiungi
961 3925 1054 3991 nulla
1075 3924 1171 3991 debet
1193 3926 1270 3992 talis

143 4005 293 4086 conditio,
322 4014 411 4085 „tum
433 4009 466 4074 id
496 4008 664 4075 audirem“
695 4030 759 4092 qua
788 4009 972 4077 conditione
1000 4013 1112 4078 statim
1141 4011 1271 4078 tollitur

141 4091 186 4172 id,
208 4092 293 4176 quod
313 4101 482 4178 acceptum
504 4104 537 4160 et
560 4098 733 4178 probatum
755 4103 833 4162 erat.
877 4096 946 4163 Ista
967 4098 1055 4162 enim
1077 4099 1124 4163 sic
1143 4099 1268 4164 intelli-

13 4202 29 4226 τ’
46 4178 79 4194 ’”
144 4179 252 4260 genda
268 4193 355 4259 sunt,
378 4182 471 4265 quasi
488 4179 589 4247 dicas:
615 4180 751 4262 „Gradu
774 4182 830 4248 sed
852 4182 886 4247 id
909 4182 1082 4262 crederem,
1103 4185 1132 4249 si
1150 4206 1269 4251 verum

143 4274 237 4345 esset,
271 4265 356 4350 qued
384 4266 611 4335 videturesse
638 4269 775 4335 falsum:
809 4271 926 4354 igitur,
957 4269 1092 4349 „Oredc
1121 4271 1268 4345 sednon
