<?xml version="1.0" encoding="UTF-8"?>
<!DOCTYPE html PUBLIC "-//W3C//DTD XHTML 1.0 Transitional//EN"
    "http://www.w3.org/TR/xhtml1/DTD/xhtml1-transitional.dtd">
<html xmlns="http://www.w3.org/1999/xhtml" xml:lang="en" lang="en">
 <head>
  <title>
</title>
<meta http-equiv="Content-Type" content="text/html;charset=utf-8" />
  <meta name='ocr-system' content='tesseract 3.04.00' />
  <meta name='ocr-capabilities' content='ocr_page ocr_carea ocr_par ocr_line ocrx_word'/>
</head>
<body>
  <div class='ocr_page' id='page_1' title='image "./orationempronma00hahngoog_0046.png"; bbox 0 0 2820 4822; ppageno 0'>
   <div class='ocr_carea' id='block_1_1' title="bbox 618 303 786 364">
    <p class='ocr_par' dir='ltr' id='par_1_1' title="bbox 618 303 786 364">
     <span class='ocr_line' id='line_1_1' title="bbox 618 303 786 364; baseline 0.006 -17"><span class='ocrx_word' id='word_1_1' title='bbox 618 303 786 364; x_wconf 65' lang='lat'>..4⁸-</span> 
     </span>
    </p>
   </div>
   <div class='ocr_carea' id='block_1_2' title="bbox 136 471 1310 3892">
    <p class='ocr_par' dir='ltr' id='par_1_2' title="bbox 136 471 1268 1327">
     <span class='ocr_line' id='line_1_2' title="bbox 137 471 1265 554; baseline -0.002 -16"><span class='ocrx_word' id='word_1_2' title='bbox 137 483 175 538; x_wconf 91' lang='lat' dir='ltr'>ut</span> <span class='ocrx_word' id='word_1_3' title='bbox 197 474 295 538; x_wconf 84' lang='lat' dir='ltr'>etiam</span> <span class='ocrx_word' id='word_1_4' title='bbox 321 479 488 536; x_wconf 77' lang='lat' dir='ltr'>vereretur</span> <span class='ocrx_word' id='word_1_5' title='bbox 510 493 617 537; x_wconf 89' lang='lat' dir='ltr'>coram</span> <span class='ocrx_word' id='word_1_6' title='bbox 642 471 780 538; x_wconf 77' lang='lat' dir='ltr'>Caesare</span> <span class='ocrx_word' id='word_1_7' title='bbox 802 471 880 536; x_wconf 75' lang='lat' dir='ltr'>&#39;eius</span> <span class='ocrx_word' id='word_1_8' title='bbox 901 493 1020 536; x_wconf 87' lang='lat' dir='ltr'>nomen</span> <span class='ocrx_word' id='word_1_9' title='bbox 1043 472 1265 554; x_wconf 82' lang='lat' dir='ltr'>pronuntiare.</span> 
     </span>
     <span class='ocr_line' id='line_1_3' title="bbox 136 556 1265 640; baseline -0.002 -16"><span class='ocrx_word' id='word_1_10' title='bbox 136 597 180 605; x_wconf 89' lang='lat'>-</span> <span class='ocrx_word' id='word_1_11' title='bbox 204 557 271 624; x_wconf 81' lang='lat' dir='ltr'>Sed</span> <span class='ocrx_word' id='word_1_12' title='bbox 294 579 336 622; x_wconf 89' lang='lat' dir='ltr'>ne</span> <span class='ocrx_word' id='word_1_13' title='bbox 358 565 456 623; x_wconf 74' lang='lat' dir='ltr'>recte</span> <span class='ocrx_word' id='word_1_14' title='bbox 466 557 598 640; x_wconf 91' lang='lat' dir='ltr'>quidem</span> <span class='ocrx_word' id='word_1_15' title='bbox 626 558 813 625; x_wconf 83' lang='lat' dir='ltr'>observavit</span> <span class='ocrx_word' id='word_1_16' title='bbox 834 558 888 622; x_wconf 77' lang='lat' dir='ltr'>uir</span> <span class='ocrx_word' id='word_1_17' title='bbox 910 557 1023 621; x_wconf 89' lang='lat' dir='ltr'>doetus</span> <span class='ocrx_word' id='word_1_18' title='bbox 1051 556 1149 622; x_wconf 91' lang='lat' dir='ltr'>huius</span> <span class='ocrx_word' id='word_1_19' title='bbox 1172 578 1265 623; x_wconf 89' lang='lat' dir='ltr'>voea-</span> 
     </span>
     <span class='ocr_line' id='line_1_4' title="bbox 138 642 1265 727; baseline -0.004 -17"><span class='ocrx_word' id='word_1_20' title='bbox 138 645 208 710; x_wconf 90' lang='lat' dir='ltr'>buli</span> <span class='ocrx_word' id='word_1_21' title='bbox 227 665 331 709; x_wconf 92' lang='lat' dir='ltr'>usum.</span> <span class='ocrx_word' id='word_1_22' title='bbox 373 642 469 722; x_wconf 70' lang='lat' dir='ltr'>Quod</span> <span class='ocrx_word' id='word_1_23' title='bbox 492 653 587 708; x_wconf 80' lang='lat' dir='ltr'>etex</span> <span class='ocrx_word' id='word_1_24' title='bbox 609 643 665 707; x_wconf 89' lang='lat' dir='ltr'>illa</span> <span class='ocrx_word' id='word_1_25' title='bbox 687 643 824 727; x_wconf 89' lang='lat' dir='ltr'>epistola</span> <span class='ocrx_word' id='word_1_26' title='bbox 845 642 921 708; x_wconf 87' lang='lat' dir='ltr'>Div.</span> <span class='ocrx_word' id='word_1_27' title='bbox 940 642 1001 707; x_wconf 91' lang='lat' dir='ltr'>IV.</span> <span class='ocrx_word' id='word_1_28' title='bbox 1025 654 1043 706; x_wconf 79' lang='lat'>4</span> <span class='ocrx_word' id='word_1_29' title='bbox 1066 642 1174 727; x_wconf 85' lang='lat' dir='ltr'>colligi</span> <span class='ocrx_word' id='word_1_30' title='bbox 1196 651 1265 726; x_wconf 90' lang='lat' dir='ltr'>pot·</span> 
     </span>
     <span class='ocr_line' id='line_1_5' title="bbox 139 728 1266 808; baseline -0.004 -11"><span class='ocrx_word' id='word_1_31' title='bbox 139 740 200 808; x_wconf 88' lang='lat' dir='ltr'>est,</span> <span class='ocrx_word' id='word_1_32' title='bbox 231 729 285 793; x_wconf 92' lang='lat' dir='ltr'>ubi</span> <span class='ocrx_word' id='word_1_33' title='bbox 308 730 388 794; x_wconf 89' lang='lat' dir='ltr'>haec</span> <span class='ocrx_word' id='word_1_34' title='bbox 411 750 474 794; x_wconf 84' lang='lat' dir='ltr'>vox</span> <span class='ocrx_word' id='word_1_35' title='bbox 498 729 538 794; x_wconf 93' lang='lat' dir='ltr'>de</span> <span class='ocrx_word' id='word_1_36' title='bbox 560 729 716 795; x_wconf 87' lang='lat' dir='ltr'>Marcello</span> <span class='ocrx_word' id='word_1_37' title='bbox 740 728 886 795; x_wconf 87' lang='lat' dir='ltr'>adhibita</span> <span class='ocrx_word' id='word_1_38' title='bbox 914 729 1081 794; x_wconf 87' lang='lat' dir='ltr'>invenitur</span> <span class='ocrx_word' id='word_1_39' title='bbox 1102 736 1197 793; x_wconf 84' lang='lat' dir='ltr'>etex</span> <span class='ocrx_word' id='word_1_40' title='bbox 1219 728 1266 793; x_wconf 88' lang='lat' dir='ltr'>eis</span> 
     </span>
     <span class='ocr_line' id='line_1_6' title="bbox 140 812 1265 898; baseline -0.002 -16"><span class='ocrx_word' id='word_1_41' title='bbox 140 815 310 897; x_wconf 81' lang='lat' dir='ltr'>exemplis,</span> <span class='ocrx_word' id='word_1_42' title='bbox 343 835 425 897; x_wconf 90' lang='lat' dir='ltr'>quae</span> <span class='ocrx_word' id='word_1_43' title='bbox 454 815 625 880; x_wconf 87' lang='lat' dir='ltr'>Wormius</span> <span class='ocrx_word' id='word_1_44' title='bbox 657 825 691 878; x_wconf 89' lang='lat' dir='ltr'>et</span> <span class='ocrx_word' id='word_1_45' title='bbox 721 814 894 880; x_wconf 86' lang='lat' dir='ltr'>Weiskius</span> <span class='ocrx_word' id='word_1_46' title='bbox 927 814 1137 898; x_wconf 88' lang='lat' dir='ltr'>collegerunt.</span> <span class='ocrx_word' id='word_1_47' title='bbox 1187 812 1265 880; x_wconf 86' lang='lat' dir='ltr'>Div.</span> 
     </span>
     <span class='ocr_line' id='line_1_7' title="bbox 140 899 1266 984; baseline -0.001 -20"><span class='ocrx_word' id='word_1_48' title='bbox 140 903 201 966; x_wconf 88' lang='lat' dir='ltr'>VI.</span> <span class='ocrx_word' id='word_1_49' title='bbox 226 906 254 965; x_wconf 89' lang='grc'>6.</span> <span class='ocrx_word' id='word_1_50' title='bbox 295 900 404 966; x_wconf 90' lang='lat' dir='ltr'>Homo</span> <span class='ocrx_word' id='word_1_51' title='bbox 425 900 575 977; x_wconf 88' lang='lat' dir='ltr'>(Caesar)</span> <span class='ocrx_word' id='word_1_52' title='bbox 600 900 694 966; x_wconf 86' lang='lat' dir='ltr'>valde</span> <span class='ocrx_word' id='word_1_53' title='bbox 717 910 767 965; x_wconf 85' lang='lat' dir='ltr'>est</span> <span class='ocrx_word' id='word_1_54' title='bbox 789 909 912 980; x_wconf 84' lang='lat' dir='ltr'>acutus,</span> <span class='ocrx_word' id='word_1_55' title='bbox 934 900 1091 984; x_wconf 86' lang='lat' dir='ltr'>intelligit</span> <span class='ocrx_word' id='word_1_56' title='bbox 1113 911 1144 965; x_wconf 88' lang='lat' dir='ltr'>te</span> <span class='ocrx_word' id='word_1_57' title='bbox 1168 899 1266 976; x_wconf 86' lang='lat' dir='ltr'>(Cae-</span> 
     </span>
     <span class='ocr_line' id='line_1_8' title="bbox 141 985 1267 1069; baseline -0.002 -17"><span class='ocrx_word' id='word_1_58' title='bbox 141 991 264 1062; x_wconf 89' lang='lat' dir='ltr'>cinam)</span> <span class='ocrx_word' id='word_1_59' title='bbox 292 986 459 1050; x_wconf 91' lang='lat' dir='ltr'>hominem</span> <span class='ocrx_word' id='word_1_60' title='bbox 488 986 583 1052; x_wconf 87' lang='lat' dir='ltr'>facilc</span> <span class='ocrx_word' id='word_1_61' title='bbox 610 986 868 1051; x_wconf 86' lang='lat' dir='ltr'>nobilissimum“</span> <span class='ocrx_word' id='word_1_62' title='bbox 893 997 926 1051; x_wconf 88' lang='lat' dir='ltr'>et</span> <span class='ocrx_word' id='word_1_63' title='bbox 948 1008 976 1068; x_wconf 90' lang='lat' dir='ltr'>q.</span> <span class='ocrx_word' id='word_1_64' title='bbox 1002 1008 1063 1052; x_wconf 90' lang='lat' dir='ltr'>sec.</span> <span class='ocrx_word' id='word_1_65' title='bbox 1087 985 1178 1051; x_wconf 84' lang='lat' dir='ltr'>Orat.</span> <span class='ocrx_word' id='word_1_66' title='bbox 1209 1007 1267 1069; x_wconf 89' lang='lat' dir='ltr'>pro</span> 
     </span>
     <span class='ocr_line' id='line_1_9' title="bbox 141 1070 1268 1155; baseline -0.003 -16"><span class='ocrx_word' id='word_1_67' title='bbox 141 1074 241 1140; x_wconf 82' lang='lat' dir='ltr'>Arch.</span> <span class='ocrx_word' id='word_1_68' title='bbox 264 1072 325 1137; x_wconf 83' lang='lat' dir='ltr'>VI.</span> <span class='ocrx_word' id='word_1_69' title='bbox 356 1075 400 1136; x_wconf 82' lang='lat'>12.</span> <span class='ocrx_word' id='word_1_70' title='bbox 438 1070 598 1153; x_wconf 78' lang='lat' dir='ltr'>„Quaeris</span> <span class='ocrx_word' id='word_1_71' title='bbox 621 1074 761 1148; x_wconf 91' lang='lat' dir='ltr'>anobis,</span> <span class='ocrx_word' id='word_1_72' title='bbox 784 1094 842 1137; x_wconf 89' lang='lat' dir='ltr'>cnr</span> <span class='ocrx_word' id='word_1_73' title='bbox 862 1081 1031 1155; x_wconf 82' lang='lat' dir='ltr'>tantopere</span> <span class='ocrx_word' id='word_1_74' title='bbox 1054 1072 1114 1136; x_wconf 91' lang='lat' dir='ltr'>hoo</span> <span class='ocrx_word' id='word_1_75' title='bbox 1136 1071 1268 1136; x_wconf 89' lang='lat' dir='ltr'>homine</span> 
     </span>
     <span class='ocr_line' id='line_1_10' title="bbox 142 1158 1266 1243; baseline -0.004 -19"><span class='ocrx_word' id='word_1_76' title='bbox 142 1159 294 1243; x_wconf 86' lang='lat' dir='ltr'>(Archia)</span> <span class='ocrx_word' id='word_1_77' title='bbox 318 1158 561 1223; x_wconf 87' lang='lat' dir='ltr'>delectemur?“</span> <span class='ocrx_word' id='word_1_78' title='bbox 585 1158 624 1223; x_wconf 90' lang='lat' dir='ltr'>cf.</span> <span class='ocrx_word' id='word_1_79' title='bbox 648 1159 730 1239; x_wconf 91' lang='lat' dir='ltr'>Nep.</span> <span class='ocrx_word' id='word_1_80' title='bbox 752 1158 887 1223; x_wconf 85' lang='lat' dir='ltr'><strong>XVIII.</strong></span> <span class='ocrx_word' id='word_1_81' title='bbox 911 1162 938 1223; x_wconf 84' lang='lat'>2.</span> <span class='ocrx_word' id='word_1_82' title='bbox 976 1158 1018 1222; x_wconf 91' lang='lat' dir='ltr'>In</span> <span class='ocrx_word' id='word_1_83' title='bbox 1038 1158 1134 1222; x_wconf 83' lang='lat' dir='ltr'>Verr.</span> <span class='ocrx_word' id='word_1_84' title='bbox 1158 1158 1202 1223; x_wconf 93' lang='grc' dir='ltr'>ΙΙ.</span> <span class='ocrx_word' id='word_1_85' title='bbox 1226 1161 1266 1220; x_wconf 84' lang='grc'>47</span> 
     </span>
     <span class='ocr_line' id='line_1_11' title="bbox 139 1243 1120 1327; baseline -0.003 -17"><span class='ocrx_word' id='word_1_86' title='bbox 139 1258 175 1311; x_wconf 88' lang='lat' dir='ltr'>et</span> <span class='ocrx_word' id='word_1_87' title='bbox 195 1244 259 1309; x_wconf 89' lang='lat' dir='ltr'>HI.</span> <span class='ocrx_word' id='word_1_88' title='bbox 284 1248 333 1306; x_wconf 84' lang='lat'>23.</span> <span class='ocrx_word' id='word_1_89' title='bbox 379 1244 444 1308; x_wconf 92' lang='lat' dir='ltr'>Pro</span> <span class='ocrx_word' id='word_1_90' title='bbox 466 1244 543 1327; x_wconf 90' lang='lat' dir='ltr'><strong>imp.</strong></span> <span class='ocrx_word' id='word_1_91' title='bbox 567 1243 627 1309; x_wconf 85' lang='lat' dir='ltr'>Cn.</span> <span class='ocrx_word' id='word_1_92' title='bbox 651 1244 766 1327; x_wconf 85' lang='lat' dir='ltr'><strong>Pomp.</strong></span> <span class='ocrx_word' id='word_1_93' title='bbox 796 1249 842 1323; x_wconf 78' lang='lat'>15,</span> <span class='ocrx_word' id='word_1_94' title='bbox 868 1248 973 1307; x_wconf 84' lang='grc'>43-</span> <span class='ocrx_word' id='word_1_95' title='bbox 1001 1248 1046 1322; x_wconf 82' lang='grc'>16,</span> <span class='ocrx_word' id='word_1_96' title='bbox 1071 1249 1120 1307; x_wconf 80' lang='grc'>47.</span> 
     </span>
    </p>

    <p class='ocr_par' dir='ltr' id='par_1_3' title="bbox 139 1328 1310 3892">
     <span class='ocr_line' id='line_1_12' title="bbox 226 1328 1268 1412; baseline 0 -19"><span class='ocrx_word' id='word_1_97' title='bbox 226 1330 267 1393; x_wconf 94' lang='lat' dir='ltr'>In</span> <span class='ocrx_word' id='word_1_98' title='bbox 290 1333 314 1412; x_wconf 66' lang='grc' dir='ltr'>ξ.</span> <span class='ocrx_word' id='word_1_99' title='bbox 344 1334 378 1392; x_wconf 83' lang='grc'>15</span> <span class='ocrx_word' id='word_1_100' title='bbox 403 1331 507 1394; x_wconf 89' lang='lat' dir='ltr'>nescit</span> <span class='ocrx_word' id='word_1_101' title='bbox 526 1329 677 1408; x_wconf 88' lang='lat' dir='ltr'>Wolfins,</span> <span class='ocrx_word' id='word_1_102' title='bbox 707 1351 769 1412; x_wconf 91' lang='lat' dir='ltr'>quo</span> <span class='ocrx_word' id='word_1_103' title='bbox 792 1329 961 1395; x_wconf 87' lang='lat' dir='ltr'>referenda</span> <span class='ocrx_word' id='word_1_104' title='bbox 984 1329 1051 1395; x_wconf 93' lang='lat' dir='ltr'>sint</span> <span class='ocrx_word' id='word_1_105' title='bbox 1070 1328 1172 1396; x_wconf 87' lang='lat' dir='ltr'>verba</span> <span class='ocrx_word' id='word_1_106' title='bbox 1197 1329 1268 1407; x_wconf 81' lang='lat' dir='ltr'>„Ex</span> 
     </span>
     <span class='ocr_line' id='line_1_13' title="bbox 141 1415 1269 1501; baseline -0.002 -20"><span class='ocrx_word' id='word_1_107' title='bbox 141 1423 236 1501; x_wconf 83' lang='lat' dir='ltr'>qno“,</span> <span class='ocrx_word' id='word_1_108' title='bbox 260 1436 362 1498; x_wconf 81' lang='lat' dir='ltr'>eaque</span> <span class='ocrx_word' id='word_1_109' title='bbox 384 1415 528 1498; x_wconf 85' lang='lat' dir='ltr'>profecta</span> <span class='ocrx_word' id='word_1_110' title='bbox 550 1436 621 1480; x_wconf 89' lang='lat' dir='ltr'>esse</span> <span class='ocrx_word' id='word_1_111' title='bbox 643 1423 737 1499; x_wconf 87' lang='lat' dir='ltr'>putat</span> <span class='ocrx_word' id='word_1_112' title='bbox 759 1438 798 1480; x_wconf 86' lang='lat' dir='ltr'>ex</span> <span class='ocrx_word' id='word_1_113' title='bbox 822 1417 941 1480; x_wconf 90' lang='lat' dir='ltr'>misera</span> <span class='ocrx_word' id='word_1_114' title='bbox 963 1422 1041 1491; x_wconf 88' lang='lat' dir='ltr'>arte,</span> <span class='ocrx_word' id='word_1_115' title='bbox 1065 1437 1128 1498; x_wconf 89' lang='lat' dir='ltr'>qua</span> <span class='ocrx_word' id='word_1_116' title='bbox 1151 1415 1269 1480; x_wconf 88' lang='lat' dir='ltr'>oratio·</span> 
     </span>
     <span class='ocr_line' id='line_1_14' title="bbox 139 1500 1285 1584; baseline -0.003 -16"><span class='ocrx_word' id='word_1_117' title='bbox 139 1503 193 1568; x_wconf 88' lang='lat' dir='ltr'>nis</span> <span class='ocrx_word' id='word_1_118' title='bbox 227 1512 390 1566; x_wconf 82' lang='lat' dir='ltr'>auctorem</span> <span class='ocrx_word' id='word_1_119' title='bbox 425 1500 671 1565; x_wconf 74' lang='lat' dir='ltr'>Ciceronianam</span> <span class='ocrx_word' id='word_1_120' title='bbox 706 1501 880 1566; x_wconf 90' lang='lat' dir='ltr'>dictionem</span> <span class='ocrx_word' id='word_1_121' title='bbox 914 1500 1070 1566; x_wconf 87' lang='lat' dir='ltr'>aemulari</span> <span class='ocrx_word' id='word_1_122' title='bbox 1105 1501 1285 1584; x_wconf 81' lang='lat' dir='ltr'>studuisse</span> 
     </span>
     <span class='ocr_line' id='line_1_15' title="bbox 141 1586 1270 1671; baseline -0.003 -18"><span class='ocrx_word' id='word_1_123' title='bbox 141 1594 259 1653; x_wconf 88' lang='lat' dir='ltr'>censet.</span> <span class='ocrx_word' id='word_1_124' title='bbox 304 1586 377 1653; x_wconf 91' lang='lat' dir='ltr'>Hoc</span> <span class='ocrx_word' id='word_1_125' title='bbox 399 1587 468 1650; x_wconf 91' lang='lat' dir='ltr'>loco</span> <span class='ocrx_word' id='word_1_126' title='bbox 491 1609 557 1651; x_wconf 92' lang='lat' dir='ltr'>non</span> <span class='ocrx_word' id='word_1_127' title='bbox 581 1608 718 1670; x_wconf 85' lang='lat' dir='ltr'>parvum</span> <span class='ocrx_word' id='word_1_128' title='bbox 743 1588 793 1651; x_wconf 88' lang='lat' dir='ltr'>vir</span> <span class='ocrx_word' id='word_1_129' title='bbox 822 1587 934 1653; x_wconf 88' lang='lat' dir='ltr'>doctus</span> <span class='ocrx_word' id='word_1_130' title='bbox 957 1587 1026 1671; x_wconf 89' lang='lat' dir='ltr'>agit</span> <span class='ocrx_word' id='word_1_131' title='bbox 1049 1586 1270 1669; x_wconf 81' lang='lat' dir='ltr'>triumphum3</span> 
     </span>
     <span class='ocr_line' id='line_1_16' title="bbox 141 1672 1270 1756; baseline -0.001 -18"><span class='ocrx_word' id='word_1_132' title='bbox 141 1695 220 1738; x_wconf 86' lang='lat' dir='ltr'>nam</span> <span class='ocrx_word' id='word_1_133' title='bbox 243 1674 420 1738; x_wconf 85' lang='lat' dir='ltr'>acerrimus</span> <span class='ocrx_word' id='word_1_134' title='bbox 443 1674 598 1738; x_wconf 88' lang='lat' dir='ltr'>orationis</span> <span class='ocrx_word' id='word_1_135' title='bbox 621 1681 843 1756; x_wconf 85' lang='lat' dir='ltr'>propugnator</span> <span class='ocrx_word' id='word_1_136' title='bbox 865 1673 963 1738; x_wconf 90' lang='lat' dir='ltr'>armis</span> <span class='ocrx_word' id='word_1_137' title='bbox 986 1672 1120 1738; x_wconf 82' lang='lat' dir='ltr'>abIectis</span> <span class='ocrx_word' id='word_1_138' title='bbox 1141 1676 1177 1738; x_wconf 93' lang='lat' dir='ltr'>in</span> <span class='ocrx_word' id='word_1_139' title='bbox 1200 1672 1270 1738; x_wconf 86' lang='lat' dir='ltr'>eius</span> 
     </span>
     <span class='ocr_line' id='line_1_17' title="bbox 143 1758 1271 1842; baseline -0.003 -17"><span class='ocrx_word' id='word_1_140' title='bbox 143 1760 337 1825; x_wconf 89' lang='lat' dir='ltr'>sententiam</span> <span class='ocrx_word' id='word_1_141' title='bbox 360 1760 515 1825; x_wconf 85' lang='lat' dir='ltr'>concedit.</span> <span class='ocrx_word' id='word_1_142' title='bbox 550 1758 683 1824; x_wconf 83' lang='lat' dir='ltr'>Scilicet</span> <span class='ocrx_word' id='word_1_143' title='bbox 693 1760 845 1824; x_wconf 87' lang='lat' dir='ltr'>Wormio</span> <span class='ocrx_word' id='word_1_144' title='bbox 867 1779 993 1842; x_wconf 90' lang='lat' dir='ltr'>quoque</span> <span class='ocrx_word' id='word_1_145' title='bbox 1019 1759 1271 1836; x_wconf 88' lang='lat' dir='ltr'>„inconveniens</span> 
     </span>
     <span class='ocr_line' id='line_1_18' title="bbox 143 1845 1270 1929; baseline -0.001 -20"><span class='ocrx_word' id='word_1_146' title='bbox 143 1845 275 1910; x_wconf 86' lang='lat' dir='ltr'>videtur</span> <span class='ocrx_word' id='word_1_147' title='bbox 297 1846 441 1927; x_wconf 88' lang='lat' dir='ltr'>partium</span> <span class='ocrx_word' id='word_1_148' title='bbox 464 1845 661 1927; x_wconf 80' lang='lat' dir='ltr'>compositio,</span> <span class='ocrx_word' id='word_1_149' title='bbox 685 1866 789 1928; x_wconf 92' lang='lat' dir='ltr'>neque</span> <span class='ocrx_word' id='word_1_150' title='bbox 812 1845 879 1910; x_wconf 89' lang='lat' dir='ltr'>ulla</span> <span class='ocrx_word' id='word_1_151' title='bbox 902 1855 972 1910; x_wconf 88' lang='lat' dir='ltr'>arte</span> <span class='ocrx_word' id='word_1_152' title='bbox 995 1853 1053 1910; x_wconf 89' lang='lat' dir='ltr'>aut</span> <span class='ocrx_word' id='word_1_153' title='bbox 1074 1845 1270 1929; x_wconf 86' lang='lat' dir='ltr'>interpreta-</span> 
     </span>
     <span class='ocr_line' id='line_1_19' title="bbox 144 1930 1273 2016; baseline -0.001 -21"><span class='ocrx_word' id='word_1_154' title='bbox 144 1931 232 1996; x_wconf 80' lang='lat' dir='ltr'>tione</span> <span class='ocrx_word' id='word_1_155' title='bbox 256 1930 409 1995; x_wconf 86' lang='lat' dir='ltr'>tollenda.</span> <span class='ocrx_word' id='word_1_156' title='bbox 456 1931 567 2012; x_wconf 90' lang='lat' dir='ltr'>Neque</span> <span class='ocrx_word' id='word_1_157' title='bbox 590 1937 702 1995; x_wconf 88' lang='lat' dir='ltr'>tamen</span> <span class='ocrx_word' id='word_1_158' title='bbox 723 1932 906 2009; x_wconf 88' lang='lat' dir='ltr'>confitetur,</span> <span class='ocrx_word' id='word_1_159' title='bbox 937 1931 1014 1996; x_wconf 93' lang='lat' dir='ltr'>inde</span> <span class='ocrx_word' id='word_1_160' title='bbox 1036 1931 1144 2016; x_wconf 82' lang='lat' dir='ltr'>colligi</span> <span class='ocrx_word' id='word_1_161' title='bbox 1168 1933 1273 2014; x_wconf 69' lang='lat' dir='ltr'>posse„</span> 
     </span>
     <span class='ocr_line' id='line_1_20' title="bbox 143 2015 1271 2100; baseline -0.001 -18"><span class='ocrx_word' id='word_1_162' title='bbox 143 2017 322 2082; x_wconf 88' lang='lat' dir='ltr'>orationem</span> <span class='ocrx_word' id='word_1_163' title='bbox 336 2017 376 2082; x_wconf 88' lang='lat' dir='ltr'>ab</span> <span class='ocrx_word' id='word_1_164' title='bbox 389 2017 461 2096; x_wconf 86' lang='lat' dir='ltr'>alio,</span> <span class='ocrx_word' id='word_1_165' title='bbox 480 2037 517 2081; x_wconf 91' lang='lat' dir='ltr'>ac</span> <span class='ocrx_word' id='word_1_166' title='bbox 528 2015 687 2081; x_wconf 79' lang='lat' dir='ltr'>Cicerone</span> <span class='ocrx_word' id='word_1_167' title='bbox 705 2019 916 2100; x_wconf 82' lang='lat' dir='ltr'>compositam</span> <span class='ocrx_word' id='word_1_168' title='bbox 928 2038 1007 2082; x_wconf 84' lang='lat' dir='ltr'>esse.</span> <span class='ocrx_word' id='word_1_169' title='bbox 1029 2015 1095 2082; x_wconf 84' lang='lat' dir='ltr'>Sed</span> <span class='ocrx_word' id='word_1_170' title='bbox 1114 2022 1271 2093; x_wconf 88' lang='lat' dir='ltr'>statuens,</span> 
     </span>
     <span class='ocr_line' id='line_1_21' title="bbox 143 2102 1271 2187; baseline -0.003 -19"><span class='ocrx_word' id='word_1_171' title='bbox 143 2111 270 2187; x_wconf 86' lang='lat' dir='ltr'>partem</span> <span class='ocrx_word' id='word_1_172' title='bbox 289 2102 436 2167; x_wconf 89' lang='lat' dir='ltr'>ultimam</span> <span class='ocrx_word' id='word_1_173' title='bbox 460 2102 575 2182; x_wconf 88' lang='lat' dir='ltr'>capitis</span> <span class='ocrx_word' id='word_1_174' title='bbox 598 2102 701 2184; x_wconf 87' lang='lat' dir='ltr'>quinti</span> <span class='ocrx_word' id='word_1_175' title='bbox 724 2103 924 2187; x_wconf 81' lang='lat' dir='ltr'>negligentia</span> <span class='ocrx_word' id='word_1_176' title='bbox 946 2102 1070 2168; x_wconf 86' lang='lat' dir='ltr'>librarii</span> <span class='ocrx_word' id='word_1_177' title='bbox 1092 2103 1271 2185; x_wconf 90' lang='lat' dir='ltr'>transposi-</span> 
     </span>
     <span class='ocr_line' id='line_1_22' title="bbox 144 2186 1271 2271; baseline 0.001 -20"><span class='ocrx_word' id='word_1_178' title='bbox 144 2199 211 2254; x_wconf 88' lang='lat' dir='ltr'>tam</span> <span class='ocrx_word' id='word_1_179' title='bbox 234 2210 314 2267; x_wconf 80' lang='lat' dir='ltr'>esse,</span> <span class='ocrx_word' id='word_1_180' title='bbox 342 2189 449 2252; x_wconf 92' lang='lat' dir='ltr'>locum</span> <span class='ocrx_word' id='word_1_181' title='bbox 471 2189 517 2250; x_wconf 89' lang='lat' dir='ltr'>ita</span> <span class='ocrx_word' id='word_1_182' title='bbox 540 2186 580 2250; x_wconf 89' lang='lat' dir='ltr'>ad</span> <span class='ocrx_word' id='word_1_183' title='bbox 603 2187 767 2271; x_wconf 85' lang='lat' dir='ltr'>integrum</span> <span class='ocrx_word' id='word_1_184' title='bbox 791 2189 965 2254; x_wconf 88' lang='lat' dir='ltr'>restituere</span> <span class='ocrx_word' id='word_1_185' title='bbox 987 2195 1130 2267; x_wconf 66' lang='lat' dir='ltr'>concitur,</span> <span class='ocrx_word' id='word_1_186' title='bbox 1160 2196 1194 2254; x_wconf 90' lang='lat' dir='ltr'>ut</span> <span class='ocrx_word' id='word_1_187' title='bbox 1215 2209 1271 2271; x_wconf 90' lang='lat' dir='ltr'>pe·</span> 
     </span>
     <span class='ocr_line' id='line_1_23' title="bbox 144 2272 1273 2357; baseline 0 -20"><span class='ocrx_word' id='word_1_188' title='bbox 144 2272 282 2352; x_wconf 80' lang='lat' dir='ltr'>niodum„</span> <span class='ocrx_word' id='word_1_189' title='bbox 316 2293 399 2355; x_wconf 87' lang='lat' dir='ltr'>qnae</span> <span class='ocrx_word' id='word_1_190' title='bbox 427 2294 446 2336; x_wconf 89' lang='lat' dir='ltr'>a</span> <span class='ocrx_word' id='word_1_191' title='bbox 477 2273 584 2337; x_wconf 86' lang='lat' dir='ltr'>verbis</span> <span class='ocrx_word' id='word_1_192' title='bbox 616 2295 676 2350; x_wconf 88' lang='lat' dir='ltr'>„ex</span> <span class='ocrx_word' id='word_1_193' title='bbox 700 2281 781 2356; x_wconf 85' lang='lat' dir='ltr'>quo“</span> <span class='ocrx_word' id='word_1_194' title='bbox 817 2275 933 2356; x_wconf 89' lang='lat' dir='ltr'>incipit</span> <span class='ocrx_word' id='word_1_195' title='bbox 965 2294 1068 2357; x_wconf 89' lang='lat' dir='ltr'>usque</span> <span class='ocrx_word' id='word_1_196' title='bbox 1099 2274 1139 2338; x_wconf 91' lang='lat' dir='ltr'>ad</span> <span class='ocrx_word' id='word_1_197' title='bbox 1169 2275 1273 2339; x_wconf 89' lang='lat' dir='ltr'>finem</span> 
     </span>
     <span class='ocr_line' id='line_1_24' title="bbox 144 2358 1270 2442; baseline -0.001 -17"><span class='ocrx_word' id='word_1_198' title='bbox 144 2360 258 2442; x_wconf 85' lang='lat' dir='ltr'>capitis</span> <span class='ocrx_word' id='word_1_199' title='bbox 287 2359 412 2422; x_wconf 88' lang='lat' dir='ltr'>inserat</span> <span class='ocrx_word' id='word_1_200' title='bbox 438 2367 512 2440; x_wconf 89' lang='lat' dir='ltr'>post</span> <span class='ocrx_word' id='word_1_201' title='bbox 541 2358 642 2423; x_wconf 77' lang='lat' dir='ltr'>verba</span> <span class='ocrx_word' id='word_1_202' title='bbox 669 2361 692 2442; x_wconf 66' lang='lat' dir='ltr'>t.</span> <span class='ocrx_word' id='word_1_203' title='bbox 720 2363 757 2422; x_wconf 89' lang='lat'>13</span> <span class='ocrx_word' id='word_1_204' title='bbox 789 2359 930 2436; x_wconf 93' lang='lat' dir='ltr'>„bellum</span> <span class='ocrx_word' id='word_1_205' title='bbox 953 2381 1024 2426; x_wconf 85' lang='lat' dir='ltr'>esse</span> <span class='ocrx_word' id='word_1_206' title='bbox 1052 2365 1270 2442; x_wconf 86' lang='lat' dir='ltr'>susceptum.“</span> 
     </span>
     <span class='ocr_line' id='line_1_25' title="bbox 144 2444 1310 2526; baseline -0.002 -15"><span class='ocrx_word' id='word_1_207' title='bbox 144 2445 218 2511; x_wconf 90' lang='lat' dir='ltr'>Hac</span> <span class='ocrx_word' id='word_1_208' title='bbox 241 2444 494 2526; x_wconf 89' lang='lat' dir='ltr'>transpositione</span> <span class='ocrx_word' id='word_1_209' title='bbox 517 2445 683 2509; x_wconf 81' lang='lat' dir='ltr'>existimat</span> <span class='ocrx_word' id='word_1_210' title='bbox 705 2466 770 2508; x_wconf 92' lang='lat' dir='ltr'>non</span> <span class='ocrx_word' id='word_1_211' title='bbox 793 2447 919 2510; x_wconf 88' lang='lat' dir='ltr'>tantum</span> <span class='ocrx_word' id='word_1_212' title='bbox 943 2445 1019 2511; x_wconf 91' lang='lat' dir='ltr'>huic</span> <span class='ocrx_word' id='word_1_213' title='bbox 1045 2446 1114 2511; x_wconf 93' lang='lat' dir='ltr'>loco</span> <span class='ocrx_word' id='word_1_214' title='bbox 1138 2445 1272 2518; x_wconf 85' lang='lat' dir='ltr'>consuli,</span> <span class='ocrx_word' id='word_1_215' title='bbox 1302 2512 1310 2521; x_wconf 60' lang='grc'><strong>,</strong></span> 
     </span>
     <span class='ocr_line' id='line_1_26' title="bbox 144 2530 1273 2615; baseline -0.002 -19"><span class='ocrx_word' id='word_1_216' title='bbox 144 2531 200 2596; x_wconf 89' lang='lat' dir='ltr'>sed</span> <span class='ocrx_word' id='word_1_217' title='bbox 224 2531 322 2594; x_wconf 89' lang='lat' dir='ltr'>etiam</span> <span class='ocrx_word' id='word_1_218' title='bbox 345 2530 438 2607; x_wconf 86' lang='lat' dir='ltr'>effici,</span> <span class='ocrx_word' id='word_1_219' title='bbox 462 2537 499 2593; x_wconf 89' lang='lat' dir='ltr'>ut</span> <span class='ocrx_word' id='word_1_220' title='bbox 521 2530 652 2593; x_wconf 91' lang='lat' dir='ltr'>initium</span> <span class='ocrx_word' id='word_1_221' title='bbox 675 2551 743 2612; x_wconf 87' lang='lat' dir='ltr'>cap.</span> <span class='ocrx_word' id='word_1_222' title='bbox 768 2530 827 2595; x_wconf 88' lang='lat' dir='ltr'>VI.</span> <span class='ocrx_word' id='word_1_223' title='bbox 871 2532 1000 2614; x_wconf 88' lang='lat' dir='ltr'>„Atque</span> <span class='ocrx_word' id='word_1_224' title='bbox 1022 2531 1121 2596; x_wconf 88' lang='lat' dir='ltr'>huius</span> <span class='ocrx_word' id='word_1_225' title='bbox 1144 2530 1273 2615; x_wconf 85' lang='lat' dir='ltr'>quidem</span> 
     </span>
     <span class='ocr_line' id='line_1_27' title="bbox 145 2615 1272 2698; baseline 0 -16"><span class='ocrx_word' id='word_1_226' title='bbox 145 2617 193 2682; x_wconf 90' lang='lat' dir='ltr'>rei</span> <span class='ocrx_word' id='word_1_227' title='bbox 216 2622 294 2681; x_wconf 85' lang='lat' dir='ltr'>etc.“</span> <span class='ocrx_word' id='word_1_228' title='bbox 317 2617 352 2678; x_wconf 93' lang='lat' dir='ltr'>in</span> <span class='ocrx_word' id='word_1_229' title='bbox 373 2637 435 2697; x_wconf 86' lang='lat' dir='ltr'>quo</span> <span class='ocrx_word' id='word_1_230' title='bbox 458 2615 706 2698; x_wconf 88' lang='lat' dir='ltr'>grammaticam</span> <span class='ocrx_word' id='word_1_231' title='bbox 726 2616 917 2681; x_wconf 88' lang='lat' dir='ltr'>relationem</span> <span class='ocrx_word' id='word_1_232' title='bbox 941 2615 1077 2683; x_wconf 89' lang='lat' dir='ltr'>Wolfius</span> <span class='ocrx_word' id='word_1_233' title='bbox 1100 2617 1272 2695; x_wconf 77' lang='lat' dir='ltr'>desiderat,</span> 
     </span>
     <span class='ocr_line' id='line_1_28' title="bbox 146 2701 1274 2785; baseline -0.003 -17"><span class='ocrx_word' id='word_1_234' title='bbox 146 2722 220 2768; x_wconf 91' lang='lat' dir='ltr'>cum</span> <span class='ocrx_word' id='word_1_235' title='bbox 249 2701 305 2778; x_wconf 87' lang='lat' dir='ltr'>eis,</span> <span class='ocrx_word' id='word_1_236' title='bbox 338 2720 420 2783; x_wconf 89' lang='lat' dir='ltr'>quae</span> <span class='ocrx_word' id='word_1_237' title='bbox 444 2701 592 2784; x_wconf 87' lang='lat' dir='ltr'>proxime</span> <span class='ocrx_word' id='word_1_238' title='bbox 626 2701 836 2765; x_wconf 87' lang='lat' dir='ltr'>antecedant:</span> <span class='ocrx_word' id='word_1_239' title='bbox 873 2702 1026 2779; x_wconf 85' lang='lat' dir='ltr'>„Eisdem</span> <span class='ocrx_word' id='word_1_240' title='bbox 1056 2725 1130 2768; x_wconf 91' lang='lat' dir='ltr'>cum</span> <span class='ocrx_word' id='word_1_241' title='bbox 1158 2703 1274 2785; x_wconf 90' lang='lat' dir='ltr'>capitis</span> 
     </span>
     <span class='ocr_line' id='line_1_29' title="bbox 144 2785 1274 2872; baseline 0 -20"><span class='ocrx_word' id='word_1_242' title='bbox 144 2786 288 2870; x_wconf 90' lang='lat' dir='ltr'>periculo</span> <span class='ocrx_word' id='word_1_243' title='bbox 311 2787 416 2850; x_wconf 88' lang='lat' dir='ltr'>sensi“</span> <span class='ocrx_word' id='word_1_244' title='bbox 442 2788 523 2850; x_wconf 91' lang='lat' dir='ltr'>bene</span> <span class='ocrx_word' id='word_1_245' title='bbox 546 2786 726 2852; x_wconf 88' lang='lat' dir='ltr'>cohaereat.</span> <span class='ocrx_word' id='word_1_246' title='bbox 768 2785 864 2868; x_wconf 78' lang='lat' dir='ltr'>Quod</span> <span class='ocrx_word' id='word_1_247' title='bbox 888 2809 1082 2871; x_wconf 89' lang='lat' dir='ltr'>quamquam</span> <span class='ocrx_word' id='word_1_248' title='bbox 1106 2789 1274 2872; x_wconf 88' lang='lat' dir='ltr'>ingeniose</span> 
     </span>
     <span class='ocr_line' id='line_1_30' title="bbox 145 2872 1275 2956; baseline 0.001 -19"><span class='ocrx_word' id='word_1_249' title='bbox 145 2872 366 2956; x_wconf 84' lang='lat' dir='ltr'>excogitatum</span> <span class='ocrx_word' id='word_1_250' title='bbox 396 2880 455 2952; x_wconf 87' lang='lat' dir='ltr'>est,</span> <span class='ocrx_word' id='word_1_251' title='bbox 485 2880 596 2937; x_wconf 88' lang='lat' dir='ltr'>tamen</span> <span class='ocrx_word' id='word_1_252' title='bbox 627 2892 645 2935; x_wconf 87' lang='lat' dir='ltr'>a</span> <span class='ocrx_word' id='word_1_253' title='bbox 675 2872 903 2955; x_wconf 89' lang='lat' dir='ltr'>probabilitate</span> <span class='ocrx_word' id='word_1_254' title='bbox 928 2874 1090 2939; x_wconf 88' lang='lat' dir='ltr'>abhorret.</span> <span class='ocrx_word' id='word_1_255' title='bbox 1135 2876 1275 2939; x_wconf 78' lang='lat' dir='ltr'>Frustra</span> 
     </span>
     <span class='ocr_line' id='line_1_31' title="bbox 145 2958 1273 3044; baseline 0 -22"><span class='ocrx_word' id='word_1_256' title='bbox 145 2959 364 3039; x_wconf 87' lang='lat' dir='ltr'>cnimquaero</span> <span class='ocrx_word' id='word_1_257' title='bbox 388 2978 528 3036; x_wconf 89' lang='lat' dir='ltr'>causam,</span> <span class='ocrx_word' id='word_1_258' title='bbox 551 2980 615 3040; x_wconf 86' lang='lat' dir='ltr'>qua</span> <span class='ocrx_word' id='word_1_259' title='bbox 637 2958 790 3024; x_wconf 86' lang='lat' dir='ltr'>librarius</span> <span class='ocrx_word' id='word_1_260' title='bbox 808 2960 924 3024; x_wconf 88' lang='lat' dir='ltr'>ductus</span> <span class='ocrx_word' id='word_1_261' title='bbox 947 2982 1017 3024; x_wconf 90' lang='lat' dir='ltr'>esse</span> <span class='ocrx_word' id='word_1_262' title='bbox 1035 2958 1139 3024; x_wconf 78' lang='lat' dir='ltr'>videri</span> <span class='ocrx_word' id='word_1_263' title='bbox 1163 2959 1273 3044; x_wconf 92' lang='lat' dir='ltr'>possit,</span> 
     </span>
     <span class='ocr_line' id='line_1_32' title="bbox 146 3043 1275 3128; baseline 0.001 -19"><span class='ocrx_word' id='word_1_264' title='bbox 146 3052 183 3109; x_wconf 87' lang='lat' dir='ltr'>ut</span> <span class='ocrx_word' id='word_1_265' title='bbox 215 3043 315 3108; x_wconf 89' lang='lat' dir='ltr'>hanc</span> <span class='ocrx_word' id='word_1_266' title='bbox 330 3043 497 3126; x_wconf 89' lang='lat' dir='ltr'>periodum</span> <span class='ocrx_word' id='word_1_267' title='bbox 530 3065 570 3121; x_wconf 68' lang='lat' dir='ltr'>erp</span> <span class='ocrx_word' id='word_1_268' title='bbox 602 3065 660 3107; x_wconf 91' lang='lat' dir='ltr'>suo</span> <span class='ocrx_word' id='word_1_269' title='bbox 693 3043 763 3108; x_wconf 93' lang='lat' dir='ltr'>loco</span> <span class='ocrx_word' id='word_1_270' title='bbox 793 3043 923 3109; x_wconf 89' lang='lat' dir='ltr'>tolleret</span> <span class='ocrx_word' id='word_1_271' title='bbox 952 3056 984 3108; x_wconf 88' lang='lat' dir='ltr'>et</span> <span class='ocrx_word' id='word_1_272' title='bbox 1014 3046 1046 3108; x_wconf 92' lang='lat' dir='ltr'>in</span> <span class='ocrx_word' id='word_1_273' title='bbox 1070 3046 1134 3110; x_wconf 88' lang='lat' dir='ltr'>fine</span> <span class='ocrx_word' id='word_1_274' title='bbox 1159 3045 1275 3128; x_wconf 88' lang='lat' dir='ltr'>capitis</span> 
     </span>
     <span class='ocr_line' id='line_1_33' title="bbox 146 3127 1274 3212; baseline 0.003 -19"><span class='ocrx_word' id='word_1_275' title='bbox 146 3137 290 3212; x_wconf 85' lang='lat' dir='ltr'>poneret.</span> <span class='ocrx_word' id='word_1_276' title='bbox 336 3129 405 3194; x_wconf 91' lang='lat' dir='ltr'>Nec</span> <span class='ocrx_word' id='word_1_277' title='bbox 426 3127 466 3193; x_wconf 94' lang='lat' dir='ltr'>ad</span> <span class='ocrx_word' id='word_1_278' title='bbox 490 3151 560 3193; x_wconf 87' lang='lat' dir='ltr'>eam</span> <span class='ocrx_word' id='word_1_279' title='bbox 589 3149 718 3193; x_wconf 89' lang='lat' dir='ltr'>causam</span> <span class='ocrx_word' id='word_1_280' title='bbox 747 3128 1000 3212; x_wconf 80' lang='lat' dir='ltr'>confugiendum</span> <span class='ocrx_word' id='word_1_281' title='bbox 1030 3140 1092 3202; x_wconf 85' lang='lat' dir='ltr'>est,</span> <span class='ocrx_word' id='word_1_282' title='bbox 1122 3139 1159 3196; x_wconf 89' lang='lat' dir='ltr'>ut</span> <span class='ocrx_word' id='word_1_283' title='bbox 1189 3130 1274 3196; x_wconf 89' lang='lat' dir='ltr'>dica·</span> 
     </span>
     <span class='ocr_line' id='line_1_34' title="bbox 147 3213 1275 3300; baseline 0.002 -22"><span class='ocrx_word' id='word_1_284' title='bbox 147 3236 231 3292; x_wconf 90' lang='lat' dir='ltr'>mus,</span> <span class='ocrx_word' id='word_1_285' title='bbox 264 3214 362 3280; x_wconf 84' lang='lat' dir='ltr'>verba</span> <span class='ocrx_word' id='word_1_286' title='bbox 390 3213 446 3277; x_wconf 89' lang='lat' dir='ltr'>illa</span> <span class='ocrx_word' id='word_1_287' title='bbox 471 3215 629 3296; x_wconf 81' lang='lat' dir='ltr'>„Exque</span> <span class='ocrx_word' id='word_1_288' title='bbox 653 3235 814 3297; x_wconf 86' lang='lat' dir='ltr'>-quam</span> <span class='ocrx_word' id='word_1_289' title='bbox 839 3216 982 3280; x_wconf 86' lang='lat' dir='ltr'>vinceri“</span> <span class='ocrx_word' id='word_1_290' title='bbox 1008 3217 1106 3280; x_wconf 90' lang='lat' dir='ltr'>unius</span> <span class='ocrx_word' id='word_1_291' title='bbox 1135 3217 1275 3300; x_wconf 86' lang='lat' dir='ltr'>paginae</span> 
     </span>
     <span class='ocr_line' id='line_1_35' title="bbox 141 3299 1275 3385; baseline 0.001 -21"><span class='ocrx_word' id='word_1_292' title='bbox 141 3300 290 3383; x_wconf 80' lang='lat' dir='ltr'>spatium</span> <span class='ocrx_word' id='word_1_293' title='bbox 319 3299 467 3382; x_wconf 86' lang='lat' dir='ltr'>explesse</span> <span class='ocrx_word' id='word_1_294' title='bbox 497 3309 529 3362; x_wconf 90' lang='lat' dir='ltr'>ot</span> <span class='ocrx_word' id='word_1_295' title='bbox 558 3300 644 3365; x_wconf 92' lang='lat' dir='ltr'>hanc</span> <span class='ocrx_word' id='word_1_296' title='bbox 673 3322 692 3363; x_wconf 91' lang='lat' dir='ltr'>a</span> <span class='ocrx_word' id='word_1_297' title='bbox 721 3299 853 3365; x_wconf 90' lang='lat' dir='ltr'>librario</span> <span class='ocrx_word' id='word_1_298' title='bbox 885 3323 999 3385; x_wconf 90' lang='lat' dir='ltr'>parum</span> <span class='ocrx_word' id='word_1_299' title='bbox 1034 3307 1160 3366; x_wconf 87' lang='lat' dir='ltr'>attento</span> <span class='ocrx_word' id='word_1_300' title='bbox 1182 3302 1275 3365; x_wconf 91' lang='lat' dir='ltr'>initio</span> 
     </span>
     <span class='ocr_line' id='line_1_36' title="bbox 147 3383 1275 3470; baseline 0 -20"><span class='ocrx_word' id='word_1_301' title='bbox 147 3386 318 3463; x_wconf 87' lang='lat' dir='ltr'>omissam,</span> <span class='ocrx_word' id='word_1_302' title='bbox 347 3383 463 3448; x_wconf 90' lang='lat' dir='ltr'>deinde</span> <span class='ocrx_word' id='word_1_303' title='bbox 494 3391 605 3449; x_wconf 87' lang='lat' dir='ltr'>autom</span> <span class='ocrx_word' id='word_1_304' title='bbox 635 3384 779 3449; x_wconf 89' lang='lat' dir='ltr'>additam</span> <span class='ocrx_word' id='word_1_305' title='bbox 808 3407 887 3451; x_wconf 90' lang='lat' dir='ltr'>esse.</span> <span class='ocrx_word' id='word_1_306' title='bbox 933 3384 1085 3470; x_wconf 86' lang='lat' dir='ltr'>Denique</span> <span class='ocrx_word' id='word_1_307' title='bbox 1108 3409 1172 3451; x_wconf 92' lang='lat' dir='ltr'>non</span> <span class='ocrx_word' id='word_1_308' title='bbox 1195 3408 1275 3470; x_wconf 91' lang='lat' dir='ltr'>opus</span> 
     </span>
     <span class='ocr_line' id='line_1_37' title="bbox 148 3469 1276 3555; baseline -0.001 -18"><span class='ocrx_word' id='word_1_309' title='bbox 148 3492 219 3537; x_wconf 90' lang='lat' dir='ltr'>esse</span> <span class='ocrx_word' id='word_1_310' title='bbox 248 3470 329 3534; x_wconf 92' lang='lat' dir='ltr'>mihi</span> <span class='ocrx_word' id='word_1_311' title='bbox 359 3469 488 3535; x_wconf 86' lang='lat' dir='ltr'>videtur</span> <span class='ocrx_word' id='word_1_312' title='bbox 515 3470 571 3533; x_wconf 90' lang='lat' dir='ltr'>illa</span> <span class='ocrx_word' id='word_1_313' title='bbox 599 3471 801 3550; x_wconf 88' lang='lat' dir='ltr'>coniectura;</span> <span class='ocrx_word' id='word_1_314' title='bbox 836 3491 909 3535; x_wconf 90' lang='lat' dir='ltr'>nam</span> <span class='ocrx_word' id='word_1_315' title='bbox 941 3481 1069 3537; x_wconf 88' lang='lat' dir='ltr'>servato</span> <span class='ocrx_word' id='word_1_316' title='bbox 1092 3493 1145 3550; x_wconf 91' lang='lat' dir='ltr'>eo,</span> <span class='ocrx_word' id='word_1_317' title='bbox 1179 3494 1276 3555; x_wconf 91' lang='lat' dir='ltr'>quem</span> 
     </span>
     <span class='ocr_line' id='line_1_38' title="bbox 148 3555 1276 3640; baseline 0.004 -20"><span class='ocrx_word' id='word_1_318' title='bbox 148 3557 305 3640; x_wconf 87' lang='lat' dir='ltr'>praebent</span> <span class='ocrx_word' id='word_1_319' title='bbox 321 3555 456 3634; x_wconf 87' lang='lat' dir='ltr'>codices,</span> <span class='ocrx_word' id='word_1_320' title='bbox 475 3558 716 3620; x_wconf 85' lang='lat' dir='ltr'>enuntiatorum</span> <span class='ocrx_word' id='word_1_321' title='bbox 735 3555 856 3636; x_wconf 88' lang='lat' dir='ltr'>ordino,</span> <span class='ocrx_word' id='word_1_322' title='bbox 881 3557 1006 3640; x_wconf 86' lang='lat' dir='ltr'>periodi</span> <span class='ocrx_word' id='word_1_323' title='bbox 1024 3580 1088 3623; x_wconf 92' lang='lat' dir='ltr'>non</span> <span class='ocrx_word' id='word_1_324' title='bbox 1107 3565 1173 3622; x_wconf 90' lang='lat' dir='ltr'>tam</span> <span class='ocrx_word' id='word_1_325' title='bbox 1192 3557 1276 3624; x_wconf 90' lang='lat' dir='ltr'>male</span> 
     </span>
     <span class='ocr_line' id='line_1_39' title="bbox 148 3642 1276 3725; baseline 0 -18"><span class='ocrx_word' id='word_1_326' title='bbox 148 3664 219 3708; x_wconf 90' lang='lat' dir='ltr'>sese</span> <span class='ocrx_word' id='word_1_327' title='bbox 242 3642 417 3723; x_wconf 84' lang='lat' dir='ltr'>excipiunt,</span> <span class='ocrx_word' id='word_1_328' title='bbox 447 3651 484 3705; x_wconf 90' lang='lat' dir='ltr'>ut</span> <span class='ocrx_word' id='word_1_329' title='bbox 511 3643 655 3725; x_wconf 88' lang='lat' dir='ltr'>partium</span> <span class='ocrx_word' id='word_1_330' title='bbox 686 3643 952 3725; x_wconf 88' lang='lat' dir='ltr'>compositionem</span> <span class='ocrx_word' id='word_1_331' title='bbox 976 3665 995 3708; x_wconf 90' lang='lat' dir='ltr'>a</span> <span class='ocrx_word' id='word_1_332' title='bbox 1017 3643 1183 3709; x_wconf 89' lang='lat' dir='ltr'>Ciceronis</span> <span class='ocrx_word' id='word_1_333' title='bbox 1207 3651 1276 3708; x_wconf 88' lang='lat' dir='ltr'>arte</span> 
     </span>
     <span class='ocr_line' id='line_1_40' title="bbox 149 3725 1275 3810; baseline 0 -18"><span class='ocrx_word' id='word_1_334' title='bbox 149 3728 324 3792; x_wconf 87' lang='lat' dir='ltr'>abhorrere</span> <span class='ocrx_word' id='word_1_335' title='bbox 348 3725 482 3792; x_wconf 87' lang='lat' dir='ltr'>dicenda</span> <span class='ocrx_word' id='word_1_336' title='bbox 504 3728 555 3790; x_wconf 89' lang='lat' dir='ltr'>sit.</span> <span class='ocrx_word' id='word_1_337' title='bbox 601 3727 685 3790; x_wconf 90' lang='lat' dir='ltr'>Nam</span> <span class='ocrx_word' id='word_1_338' title='bbox 709 3729 955 3810; x_wconf 87' lang='lat' dir='ltr'>grammaticam</span> <span class='ocrx_word' id='word_1_339' title='bbox 986 3730 1177 3794; x_wconf 89' lang='lat' dir='ltr'>relationem</span> <span class='ocrx_word' id='word_1_340' title='bbox 1202 3750 1275 3795; x_wconf 91' lang='lat' dir='ltr'>vor-</span> 
     </span>
     <span class='ocr_line' id='line_1_41' title="bbox 148 3812 1275 3892; baseline 0.001 -15"><span class='ocrx_word' id='word_1_341' title='bbox 148 3815 264 3878; x_wconf 90' lang='lat' dir='ltr'>borum</span> <span class='ocrx_word' id='word_1_342' title='bbox 291 3812 404 3888; x_wconf 88' lang='lat' dir='ltr'>„huius</span> <span class='ocrx_word' id='word_1_343' title='bbox 427 3813 504 3890; x_wconf 86' lang='lat' dir='ltr'>rei“,</span> <span class='ocrx_word' id='word_1_344' title='bbox 527 3833 624 3892; x_wconf 87' lang='lat' dir='ltr'>quam</span> <span class='ocrx_word' id='word_1_345' title='bbox 647 3813 791 3877; x_wconf 85' lang='lat' dir='ltr'>Wolfius</span> <span class='ocrx_word' id='word_1_346' title='bbox 822 3822 879 3878; x_wconf 89' lang='lat' dir='ltr'>aut</span> <span class='ocrx_word' id='word_1_347' title='bbox 905 3814 1030 3878; x_wconf 87' lang='lat' dir='ltr'>nullam</span> <span class='ocrx_word' id='word_1_348' title='bbox 1057 3823 1112 3878; x_wconf 87' lang='lat' dir='ltr'>aut</span> <span class='ocrx_word' id='word_1_349' title='bbox 1137 3816 1275 3879; x_wconf 90' lang='lat' dir='ltr'>nimium</span> 
     </span>
    </p>
   </div>
   <div class='ocr_carea' id='block_1_3' title="bbox 149 3897 1373 3983">
    <p class='ocr_par' dir='ltr' id='par_1_4' title="bbox 149 3897 1373 3983">
     <span class='ocr_line' id='line_1_42' title="bbox 149 3897 1373 3983; baseline 0.002 -21"><span class='ocrx_word' id='word_1_350' title='bbox 149 3907 308 3962; x_wconf 89' lang='lat' dir='ltr'>remotam</span> <span class='ocrx_word' id='word_1_351' title='bbox 331 3918 402 3962; x_wconf 88' lang='lat' dir='ltr'>csse</span> <span class='ocrx_word' id='word_1_352' title='bbox 435 3897 528 3975; x_wconf 88' lang='lat' dir='ltr'>dicit,</span> <span class='ocrx_word' id='word_1_353' title='bbox 562 3919 627 3960; x_wconf 91' lang='lat' dir='ltr'>non</span> <span class='ocrx_word' id='word_1_354' title='bbox 661 3906 718 3977; x_wconf 85' lang='lat' dir='ltr'>est,</span> <span class='ocrx_word' id='word_1_355' title='bbox 753 3899 836 3980; x_wconf 91' lang='lat' dir='ltr'>quod</span> <span class='ocrx_word' id='word_1_356' title='bbox 867 3920 1072 3981; x_wconf 86' lang='lat' dir='ltr'>quaeramus.</span> <span class='ocrx_word' id='word_1_357' title='bbox 1118 3901 1277 3983; x_wconf 80' lang='lat' dir='ltr'>Spectant</span> <span class='ocrx_word' id='word_1_358' title='bbox 1371 3973 1373 3977; x_wconf 10' lang='lat' dir='ltr'>y</span> 
     </span>
    </p>
   </div>
   <div class='ocr_carea' id='block_1_4' title="bbox 63 3982 1277 4324">
    <p class='ocr_par' dir='ltr' id='par_1_5' title="bbox 63 3982 1277 4324">
     <span class='ocr_line' id='line_1_43' title="bbox 151 3982 1276 4068; baseline 0.003 -21"><span class='ocrx_word' id='word_1_359' title='bbox 151 3985 239 4047; x_wconf 88' lang='lat' dir='ltr'>enim</span> <span class='ocrx_word' id='word_1_360' title='bbox 270 3982 349 4047; x_wconf 81' lang='lat' dir='ltr'>hacc</span> <span class='ocrx_word' id='word_1_361' title='bbox 376 3984 476 4047; x_wconf 87' lang='lat' dir='ltr'>verba</span> <span class='ocrx_word' id='word_1_362' title='bbox 499 3982 538 4045; x_wconf 90' lang='lat' dir='ltr'>ad</span> <span class='ocrx_word' id='word_1_363' title='bbox 569 4003 615 4061; x_wconf 83' lang='lat' dir='ltr'>ea,</span> <span class='ocrx_word' id='word_1_364' title='bbox 649 4006 731 4066; x_wconf 88' lang='lat' dir='ltr'>quae</span> <span class='ocrx_word' id='word_1_365' title='bbox 764 3983 912 4065; x_wconf 82' lang='lat' dir='ltr'>proxime</span> <span class='ocrx_word' id='word_1_366' title='bbox 948 3985 1144 4050; x_wconf 88' lang='lat' dir='ltr'>antecedunt</span> <span class='ocrx_word' id='word_1_367' title='bbox 1169 3985 1276 4068; x_wconf 79' lang='lat' dir='ltr'>„Pacis</span> 
     </span>
     <span class='ocr_line' id='line_1_44' title="bbox 63 4068 1276 4150; baseline 0.002 -17"><span class='ocrx_word' id='word_1_368' title='bbox 63 4108 70 4117; x_wconf 87' lang='lat'><strong>·</strong></span> <span class='ocrx_word' id='word_1_369' title='bbox 150 4075 331 4146; x_wconf 80' lang='lat' dir='ltr'>auctores,“</span> <span class='ocrx_word' id='word_1_370' title='bbox 357 4079 453 4150; x_wconf 83' lang='lat' dir='ltr'>atque</span> <span class='ocrx_word' id='word_1_371' title='bbox 475 4091 515 4131; x_wconf 85' lang='lat' dir='ltr'>cx</span> <span class='ocrx_word' id='word_1_372' title='bbox 547 4069 598 4131; x_wconf 93' lang='lat' dir='ltr'>his</span> <span class='ocrx_word' id='word_1_373' title='bbox 623 4068 739 4143; x_wconf 87' lang='lat' dir='ltr'>„huius</span> <span class='ocrx_word' id='word_1_374' title='bbox 762 4070 810 4132; x_wconf 91' lang='lat' dir='ltr'>roi</span> <span class='ocrx_word' id='word_1_375' title='bbox 829 4070 874 4133; x_wconf 89' lang='grc' dir='ltr'>Μ.</span> <span class='ocrx_word' id='word_1_376' title='bbox 899 4071 1056 4137; x_wconf 88' lang='lat' dir='ltr'>Marcello</span> <span class='ocrx_word' id='word_1_377' title='bbox 1080 4093 1152 4135; x_wconf 90' lang='lat' dir='ltr'>sum</span> <span class='ocrx_word' id='word_1_378' title='bbox 1175 4070 1276 4148; x_wconf 90' lang='lat' dir='ltr'>testis,</span> 
     </span>
     <span class='ocr_line' id='line_1_45' title="bbox 150 4153 1276 4236; baseline -0.001 -17"><span class='ocrx_word' id='word_1_379' title='bbox 150 4163 266 4236; x_wconf 89' lang='lat' dir='ltr'>sponte</span> <span class='ocrx_word' id='word_1_380' title='bbox 287 4162 430 4236; x_wconf 83' lang='lat' dir='ltr'>apparet,</span> <span class='ocrx_word' id='word_1_381' title='bbox 450 4164 610 4217; x_wconf 85' lang='lat' dir='ltr'>oratorem</span> <span class='ocrx_word' id='word_1_382' title='bbox 634 4153 740 4218; x_wconf 81' lang='lat' dir='ltr'>dicero</span> <span class='ocrx_word' id='word_1_383' title='bbox 759 4155 910 4234; x_wconf 86' lang='lat' dir='ltr'>voluisse,</span> <span class='ocrx_word' id='word_1_384' title='bbox 931 4180 965 4221; x_wconf 89' lang='lat' dir='ltr'>se</span> <span class='ocrx_word' id='word_1_385' title='bbox 988 4166 1070 4221; x_wconf 80' lang='lat' dir='ltr'>testo</span> <span class='ocrx_word' id='word_1_386' title='bbox 1081 4157 1276 4221; x_wconf 86' lang='lat' dir='ltr'>Marcellum</span> 
     </span>
     <span class='ocr_line' id='line_1_46' title="bbox 150 4239 1277 4324; baseline 0.003 -20"><span class='ocrx_word' id='word_1_387' title='bbox 150 4252 184 4304; x_wconf 88' lang='lat' dir='ltr'>et</span> <span class='ocrx_word' id='word_1_388' title='bbox 206 4241 310 4322; x_wconf 87' lang='lat' dir='ltr'>ipsum</span> <span class='ocrx_word' id='word_1_389' title='bbox 335 4239 422 4323; x_wconf 89' lang='lat' dir='ltr'>pacis</span> <span class='ocrx_word' id='word_1_390' title='bbox 445 4247 609 4303; x_wconf 88' lang='lat' dir='ltr'>auctorem</span> <span class='ocrx_word' id='word_1_391' title='bbox 631 4239 683 4305; x_wconf 89' lang='lat' dir='ltr'>vel</span> <span class='ocrx_word' id='word_1_392' title='bbox 714 4241 822 4323; x_wconf 90' lang='lat' dir='ltr'>potius</span> <span class='ocrx_word' id='word_1_393' title='bbox 850 4243 939 4324; x_wconf 90' lang='lat' dir='ltr'>pacis</span> <span class='ocrx_word' id='word_1_394' title='bbox 961 4250 1124 4307; x_wconf 88' lang='lat' dir='ltr'>amantem</span> <span class='ocrx_word' id='word_1_395' title='bbox 1147 4261 1277 4324; x_wconf 85' lang='lat' dir='ltr'>semper</span> 
     </span>
    </p>
   </div>
   <div class='ocr_carea' id='block_1_5' title="bbox 0 0 1430 4822">
    <p class='ocr_par' dir='ltr' id='par_1_6' title="bbox 0 0 1430 4822">
     <span class='ocr_line' id='line_1_47' title="bbox 0 0 1430 4822; baseline 0 0"><span class='ocrx_word' id='word_1_396' title='bbox 0 0 1430 4822; x_wconf 95' lang='lat' dir='ltr'> </span> 
     </span>
    </p>
   </div>
  </div>
 </body>
</html>
