2820 4822
629 306 795 372 ..13-

145 480 247 548 verba
272 479 416 546 Wolfiua
451 481 499 548 ita
528 481 634 546 vertit·
688 479 799 563 ,‚Quid
827 478 952 558 obstat,
981 477 1156 564 quominus
1184 476 1276 546 Cice-

145 587 261 632 renem
289 574 382 633 tento
408 567 582 634 intervallo
608 566 780 631 audiamus
803 564 988 630 dicentem?
1045 563 1118 630 Iam
1147 563 1276 648 pridem

144 652 241 718 nobie
269 663 394 719 eertum
422 663 488 733 eet,
520 654 693 738 Ligarium
722 651 904 735 improbum
941 673 1013 717 esee
1046 659 1080 717 et
1115 651 1274 718 boetem.“

146 739 201 804 Ex
237 738 295 804 illa
324 739 465 805 formula
500 740 603 824 igitur
632 736 706 819 „ded
733 740 863 824 χρόνον(
894 737 988 803 fneile
1016 737 1157 822 intelligi
1182 757 1275 821 posse

146 834 267 905 censet,
286 824 377 890 illam
396 826 577 911 gratiarum
589 826 751 890 actionem
770 844 790 888 a
809 822 947 888 Caesare
965 825 1035 907 ipso
1049 845 1116 889 non
1127 824 1274 889 habitam

146 931 218 976 esec
240 912 431 977 orationem.
454 949 497 958 -
519 910 679 989 Concedo,
702 911 782 976 eatis
804 909 1000 994 locupletem
1023 920 1140 975 testem
1162 909 1274 992 appel·

146 996 209 1061 lori
230 1019 326 1080 posse
341 998 568 1076 Plutarchum,
590 1018 650 1062 nee
668 997 870 1081 negaverim,
893 1016 970 1060 eum
986 994 1049 1062 hoo
1065 994 1136 1062 loco
1159 1016 1273 1061 verum

146 1082 337 1167 prodidisse,
360 1105 556 1167 quamquam
579 1085 649 1166 ipae
671 1084 770 1149 verbo
801 1088 964 1164 „terrast
994 1081 1081 1165 quod
1108 1082 1144 1146 in
1167 1081 1274 1147 fronte

144 1168 234 1234 illiue
256 1170 520 1235 narratiunculae
542 1171 658 1253 posuit,
680 1168 813 1247 indicat,
837 1190 872 1233 se
889 1188 955 1232 non
973 1189 1044 1233 rem
1067 1167 1274 1250 exploratam

145 1253 202 1320 vel
222 1255 285 1321 eibi
306 1257 387 1321 satie
408 1267 608 1339 compertam
638 1255 794 1338 prolerre,
823 1254 881 1320 sed
906 1253 1006 1338 vulgo
1032 1252 1189 1318 creditam
1218 1252 1274 1318 rel

145 1349 323 1420 narratam,
345 1351 455 1407 tamen
479 1365 521 1407 ex
542 1341 609 1406 illie
627 1341 737 1406 verbis
755 1341 819 1405 tale
836 1339 914 1423 quid
932 1340 1042 1423 aliqua
1063 1361 1139 1405 eum
1157 1339 1274 1422 proba·

144 1425 271 1492 bilitate
300 1428 410 1512 colligi
438 1449 548 1511 poseo,
578 1427 837 1510 pernegaverim.
893 1425 990 1504 Nam,
1019 1435 1057 1490 ut
1082 1426 1273 1510 largiamur,

143 1524 232 1578 reete
250 1514 499 1597 interpretatum
523 1536 594 1578 arse
615 1512 777 1577 Wolfium
799 1512 855 1577 illa
877 1511 978 1578 verba
998 1509 1049 1574 tut
1074 1511 1182 1598 χρόνον
1201 1511 1271 1577 hie:

143 1619 285 1683 „magno
305 1601 462 1683 temporie
486 1601 590 1682 spatio
609 1600 801 1665 interiecto“
824 1598 1054 1682 explicantem,
1080 1609 1190 1662 tamon
1216 1597 1273 1664 ille

142 1683 234 1750 loeus
262 1707 329 1750 non
365 1687 518 1769 impedit,
548 1687 629 1770 quin
664 1684 911 1751 Marcellianum
946 1683 1070 1767 aliquot
1104 1682 1272 1749 mensibus

143 1780 244 1836 antea
276 1771 423 1837 habitam
455 1793 526 1838 case
564 1780 733 1856 putemne,
762 1769 938 1836 dummodo
971 1771 1106 1836 verbum
1140 1774 1272 1850 ,λέγειν’

142 1866 232 1922 reete
253 1859 458 1942 accipiamus.
503 1858 596 1924 Idem
625 1858 713 1923 enim
741 1858 809 1922 iere
832 1857 927 1935 valet,
957 1875 995 1920 ao
1020 1855 1138 1935 ,verba
1165 1856 1272 1922 faeere

141 1941 181 2006 in
213 1944 320 2024 iere;“
354 1945 477 2011 scilicet
505 1966 564 2009 sex
596 1945 664 2009 fere
696 1965 800 2008 annos
832 1942 949 2009 Cicero
981 1942 1106 2007 nullam
1138 1961 1271 2008 eausam

141 2026 271 2111 publice
293 2041 407 2114 egerat
428 2052 489 2097 neo
511 2051 709 2114 quemquam
731 2030 766 2093 in
784 2029 854 2093 foro
876 2027 1075 2093 defenderat
1096 2064 1137 2075 -
1154 2027 1270 2111 Itaque

142 2113 235 2180 salva
257 2117 396 2182 veritate
417 2117 550 2196 Caesar,
577 2115 665 2181 illiue
687 2114 908 2180 oratiunculae
935 2115 970 2177 in
992 2121 1109 2179 senatu
1136 2112 1270 2180 habitae

141 2201 269 2266 ratione
286 2223 350 2266 non
375 2202 495 2279 habita,
518 2203 575 2267 illa
597 2203 704 2268 diocrc
726 2202 841 2284 potuit.
863 2237 900 2248 -
920 2197 986 2264 Sed
1010 2220 1081 2264 eam
1102 2199 1270 2265 notionem

143 2284 181 2349 in
202 2286 268 2353 illis
289 2288 399 2354 verbis
422 2287 495 2368 „ded
517 2288 648 2372 χράνου“
668 2287 800 2353 omnino
825 2307 891 2351 non
914 2287 1030 2364 inesse,
1053 2305 1152 2369 quam
1174 2283 1269 2350 Wol-

144 2372 207 2437 flue
228 2373 335 2439 inesse
356 2374 470 2453 voluit,
492 2374 664 2439 Wormius
685 2395 715 2456 p.
740 2377 790 2452 22,
813 2371 988 2438 Weiekius
1014 2391 1045 2455 p.
1082 2375 1122 2436 49
1150 2371 1270 2436 Passe-

142 2457 219 2523 vius
242 2480 273 2542 p.
297 2464 358 2524 275
381 2461 437 2526 alii
467 2460 624 2526 evincunt
656 2471 689 2524 et
716 2459 892 2524 formulam
928 2466 1024 2542 „post
1054 2458 1153 2523 breve
1185 2466 1270 2522 tem·

138 2550 223 2625 pue“
257 2545 308 2608 vel
347 2548 523 2629 „temporie
564 2545 671 2629 spatio
709 2545 818 2629 aliquo
851 2543 1044 2610 interiecto“
1083 2541 1270 2628 significare

141 2630 354 2714 comprobant
378 2632 547 2715 exemplis.
604 2630 813 2715 Quamquam
847 2630 962 2695 eodem
994 2628 1089 2695 medo
1126 2628 1270 2711 explieat

140 2713 282 2781 Iacobus
303 2717 359 2782 illa
376 2718 485 2796 verba,
509 2739 546 2785 ae
559 2717 714 2795 Wolfius,
738 2725 847 2782 tamen
866 2714 957 2781 addit
970 2715 1052 2781 haee
1073 2735 1103 2799 p.
1127 2720 1161 2780 9:
1185 2713 1269 2793 „Ille

140 2799 232 2866 locus
256 2802 428 2869 Plutarchi
449 2804 539 2869 nullo
572 2802 668 2868 mode
701 2803 882 2868 orationem
915 2810 1099 2885 suspectam
1132 2800 1269 2867 reddere

140 2894 256 2970 potest.
315 2890 401 2953 Nam
432 2912 507 2957 eum
541 2891 677 2954 florente
706 2888 874 2971 republica
901 2909 1042 2972 magnus
1068 2885 1136 2969 ille,
1158 2896 1269 2952 orator

141 2973 287 3055 quotidie
309 2975 376 3040 fere
398 2976 550 3053 incuria,
573 2975 652 3053 foro,
675 2976 803 3041 iudiciis
824 2983 910 3040 esset
932 2982 1091 3050 versatus,
1115 2983 1193 3038 tuno
1209 2992 1267 3037 au·

143 3067 210 3122 tem
232 3059 321 3125 inter
343 3061 442 3126 verba
461 3062 500 3127 de
522 3061 681 3127 Marcello
703 3061 787 3126 facta
814 3069 847 3125 et
869 3081 927 3143 pro
957 3059 1092 3143 Ligario
1120 3058 1268 3123 facienda

141 3144 324 3228 complures
347 3168 475 3214 mansee
503 3147 732 3212 defluxissent:
763 3147 824 3210 hoc
857 3145 1070 3210 intervallum
1092 3141 1267 3228 (siquidem

139 3229 260 3296 licebat
285 3231 391 3298 dicore
420 3234 459 3298 cf.
482 3234 592 3299 samm.
615 3233 675 3297 IV.
699 3239 718 3296 4
741 3240 774 3297 et
801 3231 863 3298 IX.
895 3232 951 3315 20)
983 3231 1036 3297 eui
1065 3250 1131 3294 non
1160 3227 1266 3295 videri

140 3316 275 3402 longum
309 3317 439 3384 debuit?
497 3322 605 3402 Atque
643 3319 708 3383 ieta
740 3325 919 3384 narrantur
952 3316 994 3382 dc
1026 3313 1181 3392 Caesare,
1211 3314 1266 3398 qui

141 3403 285 3468 maximo
312 3404 442 3470 volebat
469 3426 542 3470 eam
572 3405 805 3487 rempublicam
835 3402 943 3487 putari
973 3402 1097 3482 (samm.
1126 3399 1187 3466 IV.
1230 3400 1265 3480 4)

141 3510 247 3571 neque
268 3489 340 3554 ideo
362 3490 537 3574 quidquam
567 3489 687 3555 habere
710 3492 895 3573 exoptatius
924 3497 1061 3573 poterat,
1089 3505 1186 3570 quam
1209 3485 1266 3551 ci-

141 3594 300 3654 ceronem,
319 3585 353 3640 et
370 3587 531 3642 oratorem
550 3578 865 3659 praestantissimum
889 3583 923 3640 et
943 3576 1049 3641 civem
1071 3572 1266 3638 auctoritato

141 3660 383 3743 gravissimum,
405 3663 452 3726 ita
474 3685 508 3728 ee
525 3683 649 3746 gerere,
673 3674 712 3726 ut
728 3661 879 3726 omnibus
902 3661 992 3725 illam
1022 3681 1092 3726 esse
1122 3658 1265 3741 aliquam

140 3745 350 3827 persuaderet
384 3746 469 3833 (Att.
498 3748 609 3826 XIII,
642 3753 680 3812 10
708 3745 818 3812 samm.
850 3747 929 3812 VII.
971 3750 1035 3822 33).
1090 3745 1133 3809 Ei
1163 3744 1265 3828 igitur

139 3851 273 3913 prorsus
296 3854 428 3899 neeesse
450 3836 520 3913 fuit,
544 3834 641 3899 huius
664 3833 728 3900 viri
751 3833 911 3898 mensium
940 3831 1159 3915 complurium
1187 3829 1265 3894 taci-

139 3918 282 3984 turnitas
312 3933 389 3985 tuno
413 3919 578 3985 videretur
600 3919 802 4001 longissima,
833 3925 930 4001 atque
952 3918 989 3996 ie,
1020 3917 1147 3983 etiamsi
1172 3913 1264 3981 (liee-

139 4023 253 4068 ronem
291 4005 324 4069 in
355 4005 561 4070 restitutione
585 4004 732 4069 Marcelli
756 4003 926 4068 audiverat
959 4004 1039 4069 satie
1061 4002 1186 4085 copiose
1216 3999 1265 4064 di·

139 4097 275 4169 centem,
298 4091 336 4169 ie,
361 4092 504 4174 iuquam,
527 4111 602 4155 eum
626 4088 794 4155 mensibus
823 4089 1046 4172 compluribus
1075 4095 1149 4171 poet
1172 4084 1264 4150 audi·

139 4182 242 4252 turus,
279 4197 413 4259 prorsus
451 4196 581 4243 neeesse
613 4176 675 4241 fuit
711 4176 847 4241 diceret:
882 4184 913 4237 τί
940 4176 1045 4238 κωλύει
1078 4171 1128 4236 διὰ
1160 4171 1264 4257 χρόνον

139 4262 305 4346 Κικέρωνος
328 4261 455 4327 ἀκοῦσαι
481 4267 641 4345 λέγοντος.“
700 4261 816 4345 Itaque
850 4261 919 4329 sive
952 4261 1036 4326 banc
1066 4260 1263 4344 interpreta-
1353 4274 1409 4549 Ι
