2820 4822
573 323 742 386 ..a-1..

63 523 66 528 ·
94 486 235 579 Quaerit
257 489 353 570 enim,
375 489 487 572 quales
505 492 572 556 sint
593 501 625 556 et
644 515 742 574 quam
762 494 913 576 ingentes
935 492 1067 576 gratiae*
1076 491 1224 559 maiores

93 573 256 639 mainis
301 575 523 642 Intellexisset
544 576 632 641 haud
655 578 759 656 dubie,
783 580 810 643 si
828 577 960 642 illorum
981 578 1128 644 looonum
1148 599 1218 643 mor.

94 659 253 738 minuisset,
273 681 332 727 nee
343 661 462 726 oblitus
474 670 567 740 esset,
587 662 674 727 haud
686 685 758 727 raro
771 662 921 728 adhiberi
940 663 1213 746 „superlativum·“

88 764 163 808 non
186 743 227 808 ad
249 743 284 809 id
304 745 564 828 signifioandum,
588 768 649 828 quo
672 747 755 812 nihil
776 749 882 812 maius
905 748 1006 828 possit
1028 749 1215 832 exoogitari

91 828 151 918 sed
180 829 325 894 absoluto
354 833 509 914 positum,
543 831 629 913 quod
659 833 863 915 grammatioi
897 832 1025 910 diuum,
1055 854 1120 905 non
1150 834 1216 898 nisi

93 913 233 996 pradum
261 915 438 981 admodum
467 917 570 982 altum
600 925 696 1000 atque
722 919 844 983 elatum
873 916 1075 1000 signidem,
1104 919 1151 982 ita
1179 925 1217 983 nt

97 1001 298 1076 „murimus“
313 1021 381 1066 non
391 1001 533 1066 multum
545 1001 705 1084 disoropet
716 1024 738 1069 a
749 1008 972 1086 ,‚permagus“,
988 1003 1218 1080 ‚,uarissimus“·
1313 1060 1316 1067 .

94 1085 165 1149 l'ere
184 1083 271 1150 idam
289 1086 331 1151 sit
360 1094 455 1168 atque
480 1085 672 1163 „admodum
700 1093 824 1152 oenus&
875 1087 1000 1168 Itaque.
1022 1108 1119 1152 nemo
1148 1089 1230 1152 iam'

93 1170 166 1246 erit
189 1171 245 1252 qui
256 1172 390 1250 neseiat,
412 1171 522 1253 quales
534 1173 601 1237 sint
611 1172 688 1237 illae
707 1173 852 1256 ‚‚gretiee
869 1172 1011 1237 maiores
1029 1172 1213 1253 munimur,

93 1255 288 1336 praesertim
309 1277 383 1322 oum
404 1277 518 1323 revera
537 1257 668 1324 ammus
688 1258 827 1322 maiores
845 1256 969 1322 habere
983 1258 1094 1339 possit,
1116 1279 1217 1340 quam

93 1361 172 1422 qum
195 1341 303 1406 vorbis
325 1341 357 1405 ei
377 1343 510 1423 exsequi
526 1342 632 1407 liceat.
963 1400 964 1403 ,

180 1425 257 1508 (lap.
286 1426 350 1490 III.
385 1429 409 1509 l.
443 1431 472 1504 8,
505 1427 561 1491 ubi
583 1427 702 1492 Oieero.
719 1429 861 1510 exponit,
892 1447 1048 1511 magnam
1075 1427 1215 1509 gloriam

92 1510 267 1577 Caesarem
288 1510 350 1577 sibi
371 1512 542 1594 peperisse,
565 1513 745 1577 innumeris
768 1520 801 1577 et
830 1513 1040 1577 atrocissimis
1064 1512 1215 1579 hostibus

93 1596 196 1675 violis,
215 1596 272 1662 sed
289 1598 448 1662 maiorem
456 1597 584 1675 laudem
604 1619 679 1662 eum
698 1606 944 1664 eonseonturum
964 1618 1034 1663 esse
1053 1597 1215 1682 singulari

91 1689 126 1746 ot
147 1682 268 1747 eximia
289 1684 506 1763 temperantia
527 1691 561 1747 et
582 1683 684 1747 animi
713 1683 942 1760 moderatione,
974 1704 1037 1765 qua
1066 1691 1214 1748 uteretur

92 1766 207 1833 inille
237 1767 308 1850 ipsa
337 1767 471 1833 victoria
497 1768 538 1833 de
565 1768 775 1850 Pompeianis
805 1778 978 1851 reportata,
1009 1768 1090 1834 liaeo
1112 1768 1214 1852 vulpo

92 1851 261 1935 leguntur:
288 1853 464 1929 „Animum
481 1854 621 1932 vincere,
645 1853 846 1919 iracundiam
865 1854 1023 1935 cohibere,
1042 1853 1212 1925 viatorium

90 1943 285 2020 temperare,
315 1936 539 2003 adversarium
571 1975 608 1998 -..-
640 1960 704 2003 non
734 1939 828 2004 modo
857 1939 1016 2018 extollere
1041 1939 1211 2018 iaoentem,
1255 1960 1258 1965 ’

90 2022 147 2087 eod
177 2023 275 2088 etiam
305 2023 502 2105 amplitioare
530 2022 599 2088 eins
627 2025 801 2106 pristinam
829 2023 1037 2106 dignitatem,
1067 2061 1104 2071 —
1130 2024 1211 2090 haee

90 2108 146 2189 qui
167 2108 253 2185 facit,
284 2144 322 2165 -.-
354 2108 557 2173 simillimum
585 2108 644 2174 deo
672 2109 808 2176 iudioo“.
862 2110 905 2173 In
932 2110 983 2173 his
1013 2110 1212 2175 oonstruotiu

92 2193 283 2269 „notoriam
302 2200 505 2274 temperare“
530 2193 652 2260 Wolfio
674 2214 741 2258 non
770 2191 865 2258 modo
894 2215 961 2258 non
987 2193 1208 2272 Oioenoniana‚

89 2278 147 2343 sed
187 2279 243 2343 vix
275 2278 426 2342 Romana
469 2278 615 2358 videtur;
653 2300 729 2344 nam
769 2285 990 2362 „temperare“
1026 2279 1212 2362 significatu

91 2362 301 2440 „modorandi
323 2383 351 2426 s.
375 2364 507 2428 modum
537 2365 696 2447 ponendi“
728 2385 802 2430 oum
831 2363 931 2429 tortio
959 2384 1037 2429 oasa
1064 2365 1208 2430 oonstrui

91 2448 195 2514 solere
213 2458 331 2514 oenset.

114 2600 123 2607 ,
171 2533 346 2600 Weiskius
366 2534 447 2600 taso
469 2534 512 2599 ad
536 2541 737 2601 strnoturam
762 2534 853 2599 illam
882 2533 1037 2614 tuendam
1070 2532 1206 2615 profert:

90 2619 393 2702 „demperareoum
403 2621 586 2685 accusativo
599 2627 648 2685 est
670 2627 832 2703 „regeret
854 2619 944 2684 Hino
968 2626 1205 2698 ,‚temperatus“

87 2703 185 2768 homo
207 2705 241 2781 (i.
261 2725 288 2770 e.
312 2706 369 2787 qui
388 2726 422 2770 se
440 2705 548 2787 ipsum
560 2706 768 2786 temperavit)
786 2704 913 2784 dieitur,
932 2704 1019 2787 quod
1038 2725 1209 2786 nunquam

87 2787 259 2867 dioeretur,
280 2789 345 2854 nisi
366 2798 400 2854 ot
421 2790 563 2856 sativum
591 2810 666 2853 oum
693 2810 757 2854 eoo.
788 2789 822 2854 in
851 2811 913 2854 usu
943 2789 1057 2855 fuisset
1084 2789 1206 2868 eodem,

87 2895 151 2956 quo
171 2874 224 2937 hio
245 2875 386 2946 ooournit
406 2882 535 2940 sensu“.
586 2873 683 2954 Quod
712 2876 873 2956 posterius
904 2895 974 2948 non
999 2880 1087 2940 reete
1109 2876 1206 2939 ratio-

32 2973 34 2977 ’
87 2958 214 3025 einatus
241 2967 292 3024 est
317 2960 368 3027 vir
396 2957 517 3026 doetus
576 2960 645 3024 Neo
671 2958 748 3041 quid
778 2959 821 3024 sit
852 2959 1042 3038 ‚‚viotoriam
1071 2966 1207 3042 regere“-·

86 3064 250 3126 assequor.
751 3109 753 3113 ,

171 3129 286 3210 lisque
313 3129 490 3210 quidquam
519 3128 675 3210 probatur
711 3151 750 3193 ea
778 3129 919 3206 ratione,
949 3149 1045 3210 quam
1074 3129 1110 3193 in
1136 3129 1209 3196 loeo

86 3212 286 3279 defendendo
304 3214 474 3280 Wormius
495 3215 569 3279 iniit
579 3235 589 3276 ι·
608 3215 699 3292 „Iam
714 3213 790 3278 elim
810 3214 917 3295 inquit
940 3213 1205 3280 soloeoismornm

85 3299 208 3365 erimen
227 3298 375 3365 Oioeroni
398 3301 459 3364 fnit
479 3300 665 3382 impaetum,
688 3297 772 3381 quod
795 3320 871 3363 eum
888 3319 1075 3365 eommunes
1097 3322 1205 3383 greum

85 3383 278 3450 matiuerum
296 3385 600 3467 praeseptiuneulns
617 3384 707 3449 haud
728 3406 801 3448 raro
823 3385 857 3448 in
876 3382 1044 3450 scribendo
1062 3387 1205 3468 migrare

85 3467 249 3535 ridebant.
280 3468 347 3534 Sed
369 3469 410 3534 de
431 3476 498 3534 toto
515 3469 577 3535 hoe
599 3490 718 3553 genere
741 3472 779 3533 Δ.
804 3468 961 3534 Sohottus
978 3477 1064 3535 reete
1088 3492 1205 3535 monn.

84 3554 151 3619 isso
173 3554 305 3625 videtur
327 3574 401 3620 oum
423 3555 595 3620 seriberet:
632 3554 763 3632 ‚,„Haeo
786 3575 853 3619 non
874 3555 985 3619 statim
1008 3553 1202 3622 damnande.

84 3637 158 3704 Hos
178 3640 268 3704 enim
289 3640 318 3704 si
340 3640 539 3723 permittitur
560 3641 703 3719 ποταμῶν
730 3641 861 3720 χωροῦσι
888 3647 990 3720 appot,
1015 3640 1100 3723 quod
1129 3663 1204 3725 pro÷

85 3724 197 3793 verbio
220 3725 283 3790 diei
307 3725 404 3802 solet,
428 3746 504 3789 oum
527 3745 593 3788 non
614 3724 704 3806 loqui
726 3747 785 3789 nos
803 3725 993 3790 Oioeronem
1021 3724 1202 3804 dooeamus,

84 3809 140 3873 sed
162 3810 202 3874 ab
224 3809 294 3891 ipso
323 3810 430 3892 potius
459 3810 581 3875 diseore
609 3809 836 3875 debeamus““.
886 3811 1013 3889 Nescio,
1042 3813 1118 3894 quid
1147 3814 1204 3881 ulii

84 3892 126 3967 de
145 3893 207 3967 hoo
228 3903 420 3976 argumento
442 3896 595 3972 sentiant,
619 3894 701 3958 milri
723 3894 852 3976 quidem
870 3895 998 3959 nullum
1019 3917 1089 3962 esse
1112 3897 1201 3962 vide·

83 3984 153 4056 tun,
186 4000 302 4060 meque
335 3977 444 4057 taedit,
478 3979 520 4044 ad
552 3979 710 4044 eiusmodi
742 3981 985 4057 exeusationem
1018 3984 1200 4066 eondugere,

83 4082 148 4144 qua
167 4063 298 4145 quidvis
326 4063 430 4145 inepti
458 4063 587 4128 delendi
619 4064 729 4146 possit.
774 4064 878 4129 Reate
906 4066 1032 4129 monuit
1060 4067 1203 4132 Wolfius

83 4146 220 4214 verbum
244 4149 486 4231 „temperandi“
510 4149 602 4213 verbi
624 4149 852 4225 „moderandi“
885 4152 917 4217 vi
939 4171 1003 4214 non
1033 4153 1098 4216 nisi
1125 4174 1201 4218 oum

82 4233 181 4300 tertio
196 4253 273 4299 essu
289 4234 444 4318 ooniungi
471 4231 511 4298 ef.
539 4235 614 4301 Lit.
637 4237 688 4314 28,
709 4240 760 4313 44,
791 4233 869 4299 Sall.
894 4235 964 4299 Oet.
992 4239 1039 4315 ll,
1059 4241 1081 4301 '8
1113 4239 1201 4321 „uisa
