2820 4822
632 297 785 357 ..⁸1-

143 462 259 530 incidit
277 468 510 546 ounieetnru,
528 487 596 550 qna
616 467 742 535 ontnit
770 464 813 531 ed
838 463 973 531 modun
999 464 1180 534 subsimile
1198 484 1272 533 tete

143 573 166 615 ι
184 550 344 616 Oioerone
372 554 556 618 mnenon
587 574 648 637 pro
680 550 839 618 linroellu
871 549 1019 617 bebium
1050 573 1133 628 eme
1164 570 1272 636 neque

143 646 255 701 tumen
276 660 350 703 enni
368 659 452 711 eene.
471 661 557 721 qnae
578 639 620 703 nd
642 654 756 704 nosue
767 649 916 720 tenpore
925 639 1140 721 perrenieet
1173 638 1271 706 nme

142 723 230 787 enim
252 746 295 788 ex
315 746 396 789 reru
425 725 485 788 illa
504 725 660 790 tulliana
677 726 720 789 nb
746 724 881 790 homine
901 724 1012 789 nesio
1034 743 1100 809 qno
1125 723 1272 808 exmtip·

144 817 213 872 tam
233 822 268 873 et
287 810 407 876 inseite
427 812 642 894 oompoeimm
664 809 917 876 existimandum
940 830 1023 875 eme.
1065 811 1175 894 Atque
1189 830 1271 910 qun:

143 903 220 959 tuor
240 897 349 979 onpita
369 901 554 962 matins
574 909 753 980 permutet
770 908 804 960 et
824 915 908 978 quoe
929 896 1043 978 spuria
1070 896 1106 961 in
1133 896 1182 962 eis
1207 893 1272 962 sin

143 980 327 1058 videantur,
348 985 485 1064 exponit
504 994 539 1048 et
559 986 726 1066 componit
745 983 916 1048 sublinem
927 980 1167 1065 disputationis„
1187 1000 1271 1064 queo

143 1065 294 1132 cioemni
314 1069 490 1134 tribuendo
505 1092 579 1134 esse
606 1078 728 1143 censet,
755 1069 821 1132 elin
845 1088 887 1132 ex
914 1067 967 1133 sui
995 1065 1107 1133 iuditii
1136 1066 1271 1133 arbitrio

143 1153 302 1228 reiioiens,
330 1155 397 1218 alin
427 1157 614 1239 recipiendo
647 1168 804 1220 statuens
860 1152 929 1220 Sed
962 1173 1039 1219 oum
1072 1154 1154 1220 been
1187 1152 1271 1218 notio

142 1259 259 1319 purum
280 1241 520 1322 probabilitatis
547 1243 677 1318 hubent,
710 1262 778 1306 non
810 1248 862 1305 est
891 1260 951 1305 our
982 1239 1152 1319 miremur,
1183 1234 1270 1323 quod

142 1323 280 1390 Iueobus
299 1347 417 1408 nsque,
431 1328 474 1392 nd
506 1329 568 1392 hoo
599 1341 731 1410 tempus
762 1345 944 1409 perpnuons
975 1345 1054 1391 suto
1087 1323 1271 1392 sententiat

142 1409 246 1475 socios
266 1412 404 1476 invenit
432 1450 475 1460 -
503 1415 654 1496 Denique
682 1413 725 1479 G.
752 1411 909 1478 Kellerns
922 1416 948 1488 ¹)
969 1409 1190 1477 nominandus
1211 1419 1270 1487 eol,

144 1504 334 1578 postquem
356 1519 463 1575 nomo,
494 1510 653 1581 quantum
681 1499 832 1582 equidem
859 1499 934 1573 seio.
963 1498 1145 1563 emtionem
1179 1494 1270 1562 illem

144 1590 202 1645 ent
221 1585 437 1648 aoensnndem
447 1584 556 1650 denno
577 1595 637 1650 unt
652 1583 1053 1667 defendendomsusoepit.
1082 1583 1118 1648 Is
1139 1600 1271 1667 pmeoe·

143 1665 242 1731 dente
263 1668 416 1735 Weiskio
436 1672 555 1736 iterum
578 1672 742 1755 oungessit
768 1671 871 1754 ipsius
903 1669 1071 1735 oio-ironis
1103 1677 1136 1734 el
1159 1687 1268 1754 grent-

142 1753 334 1818 metieorum
366 1759 558 1823 testimonia
585 1769 619 1822 et
646 1758 711 1822 ulie
737 1765 884 1833 externe,
908 1763 945 1820 nt
958 1755 1006 1820 itu
1027 1753 1142 1831 dieunt,
1170 1774 1188 1819 n
1232 1774 1268 1819 n·

142 1848 251 1904 mente
272 1840 413 1925 eollegit,
435 1865 518 1925 qnae
539 1852 617 1926 epte
638 1852 749 1909 essent
770 1841 811 1907 nd
833 1842 919 1906 huno
946 1841 1128 1906 emtionem
1161 1839 1211 1905 Tu
1238 1838 1269 1903 iu

141 1923 357 2005 tribuendam,
380 1929 484 1994 ineis
506 1939 628 2005 nutem,
650 1950 734 2012 quae
759 1927 903 1994 Wolbus
931 1926 1134 2010 perstrinxit,
1157 1923 1268 1991 dolen·

141 2008 255 2076 dondis
276 2014 386 2078 minus
402 2024 562 2080 versetur.
606 2018 717 2098 Atque
738 2016 810 2099 ipse
831 2014 973 2098 ingenue
996 2013 1179 2089 multetur,
1200 2027 1268 2076 non

140 2096 202 2161 sibi
224 2098 410 2182 contigisse,
432 2108 469 2165 ut
491 2102 554 2165 viri
576 2101 663 2168 dooti
684 2100 843 2166 iudicium
867 2119 1000 2182 prorsus
1013 2098 1169 2163 roiuturot
1188 2115 1266 2162 onn-

140 2202 274 2264 snmquo
298 2185 497 2251 absolvendo
524 2187 559 2251 in
588 2188 699 2252 omniu
725 2197 874 2269 tompore
902 2183 1159 2250 controversiam
1182 2179 1267 2246 diiu-

140 2265 271 2334 dioerot.
304 2307 345 2316 -—
373 2271 530 2356 Longum
564 2281 615 2337 est
642 2281 676 2337 et
707 2293 727 2337 e
759 2272 925 2355 proposito
957 2269 1120 2345 obhorret,
1154 2286 1267 2333 eornm

139 2354 421 2434 nominantem,
452 2359 508 2440 qni
537 2358 590 2423 vel
619 2358 732 2442 paucis
760 2357 813 2423 vel
841 2356 991 2440 pluribus
1024 2354 1065 2421 du
1098 2351 1266 2421 nonnullis

139 2441 363 2506 oratiunonlae
395 2443 475 2508 loeis
507 2447 644 2527 egerint.
695 2443 785 2510 Setis
818 2463 890 2509 esse
923 2441 1004 2507 mihi
1039 2439 1179 2516 videtur,
1211 2458 1266 2505 eos

138 2545 358 2603 enumerasse,
381 2530 437 2610 qui
458 2528 598 2594 multum
622 2551 741 2613 operes
763 2528 994 2596 oolloouverint
1015 2527 1050 2593 in
1063 2527 1120 2592 lite
1142 2524 1267 2608 disoop·

138 2611 249 2688 tunde,
272 2615 427 2694 quoniam
449 2636 491 2680 ex
524 2617 581 2693 eis,
610 2637 693 2698 quoe
721 2614 854 2698 protuli,
887 2614 967 2679 setis
998 2610 1137 2689 intelligi
1171 2629 1266 2696 poseo

137 2703 226 2779 pute,
249 2719 331 2780 qnae
351 2700 504 2764 hodiesit
524 2701 613 2767 illius
631 2699 830 2783 quaestionis
848 2699 1003 2778 eondioio,
1015 2699 1177 2781 simulque
1189 2694 1266 2764 indu

137 2802 295 2864 apparere
324 2787 492 2865 existimo,
522 2807 588 2851 non
618 2788 762 2853 alienum
791 2794 848 2851 aut
876 2802 1153 2869 supervnouneum
1184 2801 1265 2862 osso,

137 2889 208 2933 rem
232 2868 338 2934 denuo
367 2881 545 2937 retrectare
572 2879 606 2937 et
634 2873 674 2937 ed
708 2873 854 2938 severius
887 2892 1026 2938 oxomen
1060 2892 1097 2936 er
1122 2875 1264 2946 umente,

138 2953 256 3035 quibus
278 2955 371 3020 nisus
399 2958 542 3024 Wolfius
575 2958 813 3024 oratiuneulem
847 2978 867 3023 e
899 2955 1058 3024 Oioerone
1091 2953 1264 3032 niudioot,

137 3060 300 3106 revocure.
345 3041 421 3108 Soio
443 3044 529 3108 enim
552 3043 650 3109 etiem
674 3066 763 3110 nuno
785 3064 864 3121 esse,
888 3042 942 3125 qni
972 3042 1043 3106 eiius
1066 3040 1263 3107 sententium

138 3145 198 3207 pro
221 3147 299 3191 vere
319 3129 567 3210 amplectantur,
590 3138 646 3195 aut
663 3128 775 3196 heods
797 3126 1122 3195 ennensibinoudum
1140 3125 1264 3210 liquere

139 3210 257 3276 dieunt.
302 3213 417 3294 Itaque
439 3235 556 3297 operee
579 3216 718 3297 pretium
737 3215 827 3293 duxi,
850 3212 890 3278 nd
903 3213 1091 3280 solvendum
1105 3210 1265 3296 qnuostio·

138 3316 213 3360 nem
236 3297 357 3362 iterum
380 3299 532 3366 aeoedere
554 3311 595 3379 et,
619 3302 648 3367 si
669 3311 790 3385 potero,
810 3301 849 3366 ed
867 3302 967 3365 finem
987 3318 1058 3364 eum
1100 3296 1264 3375 ordinere,

138 3401 336 3473 quamquem
360 3407 425 3450 non
447 3387 570 3469 ignoro,
594 3387 795 3470 periclitanti
816 3385 896 3452 mihi
919 3385 954 3449 in
973 3320 1175 3450 defendenda
1193 3402 1264 3448 om·

138 3468 227 3532 tione
256 3468 381 3552 ingenii
410 3472 499 3538 vires
528 3475 604 3550 fore,
640 3484 677 3538 ut
707 3473 830 3538 multus
862 3481 896 3537 et
924 3490 1063 3554 magnae
1093 3475 1267 3536 occurrent

139 3549 358 3622 difficultates.
404 3557 444 3622 In
466 3557 654 3625 refellendis
676 3569 785 3625 autem
808 3556 923 3623 Wolfii
946 3555 1051 3623 ouueis
1073 3554 1101 3621 si
1119 3553 1169 3620 oui
1182 3553 1265 3620 forto

138 3658 205 3702 non
228 3660 276 3718 ee,
298 3661 363 3722 qua
391 3663 451 3724 par
479 3653 559 3721 eret,
589 3644 788 3710 vereeundiu
816 3665 896 3709 usus
929 3662 1001 3709 esse
1035 3638 1155 3719 videor,
1189 3659 1264 3705 oum

138 3742 260 3803 pronon,
285 3747 327 3791 ne
347 3726 408 3794 hoo
431 3728 513 3794 mibi
541 3730 669 3796 urimini
704 3731 755 3796 vel
783 3728 976 3795 insolentiae
1004 3731 1121 3806 vertet,
1150 3723 1206 3793 sod
1237 3724 1265 3791 is

137 3810 335 3890 persuadeat
356 3814 417 3879 sibi
441 3813 549 3892 velim,
572 3836 634 3891 me,
658 3837 870 3898 quaeeunque
893 3812 1093 3898 protulerim,
1118 3807 1265 3878 veritatis

139 3914 250 3959 amore
261 3905 295 3961 et
306 3899 525 3966 sincerissimo
536 3900 654 3980 studio,
666 3901 748 3968 illud
761 3900 1017 3984 puloherrimnm
1029 3897 1201 3965 'fullieneo
1213 3917 1264 3961 nr·

137 3978 181 4045 tis
201 3994 452 4050 monumentum
474 4007 534 4051 sno
556 3986 680 4053 anotori
702 3984 888 4055 vindicandi
911 3985 1088 4052 nddnotum
1112 3983 1241 4051 dixisse.

135 4155 344 4174 Ἢ

226 4260 256 4328 l)
274 4261 369 4332 wa·
385 4278 508 4336 aymu-
524 4261 647 4323 Retibor.
666 4260 743 4319 1⁸45.
