2820 4822
559 315 730 404 -a-

84 493 277 573 temperare.
328 485 411 552 Ibid.
436 489 465 566 2,
489 491 517 566 6,
547 490 586 550 17
609 488 638 554 si
665 489 815 572 cuiquam
843 486 912 554 ulla
934 487 970 554 in
1000 509 1035 553 re
1064 507 1210 571 unquam

83 574 327 659 temperaverit.
382 572 466 639 Ibid.
500 573 526 638 Ι.
559 577 615 653 59,
653 579 712 640 154
747 573 841 640 sociis
877 574 915 640 of.
951 573 1043 640 Balb.
1078 576 1137 653 27,
1170 576 1210 637 60

84 680 207 727 amro1s.

171 743 301 811 Deinde
325 748 348 829 §.
381 744 400 809 9
428 744 572 810 Wolfius
604 749 803 810 structuram
835 746 928 816 verbi
963 744 1208 828 „obstrependi“

108 839 255 899 oetarnm
278 838 311 896 et
332 830 472 896 labentis
493 829 665 895 latinitatis
687 850 760 895 esse
783 830 870 897 dicit.
922 830 975 895 Ad
996 852 1079 914 quae
1100 829 1210 896 Weis-

113 918 163 984 ‘us
184 916 266 984 haec
287 917 476 1001 respondet:
513 916 609 994 „Fae
639 935 705 978 non
732 917 889 982 usitatam
916 917 1015 982 fuisse
1044 915 1212 981 Oiceronis

86 1009 208 1070 aetate:
238 1004 359 1069 oratori
380 1009 491 1068 tamen
513 1001 631 1067 licebat
659 1001 694 1064 in
721 1003 868 1068 oratione
894 1000 1081 1068 sublimiore
1109 1002 1213 1067 lorma

86 1090 136 1156 uti
156 1087 376 1155 insolentiore.
427 1087 572 1154 Omnino
595 1092 713 1166 autem,
745 1087 822 1171 quid
850 1089 893 1153 sit
914 1088 1055 1154 labentis
1082 1087 1212 1153 Latini·

85 1175 173 1255 tatis,
196 1197 214 1239 e
236 1174 459 1240 monumentis
481 1183 549 1239 tam
572 1173 711 1257 exiguis,
742 1195 826 1256 quae
848 1174 943 1241 nobis
972 1174 1212 1257 reliquittom·

85 1278 204 1346 porum
226 1261 389 1343 iniquitas,
412 1258 557 1326 iudicare
587 1280 652 1325 non
674 1278 857 1341 possumus.
907 1258 950 1325 In
978 1269 1047 1326 tam
1074 1259 1213 1342 simplici

87 1354 197 1414 autem
220 1348 319 1413 verbo
341 1346 425 1411 nihil
453 1346 541 1411 inest
570 1345 743 1428 poeticum,
770 1352 894 1412 utnon
923 1345 1034 1412 minus
1061 1347 1213 1429 usurpari

85 1433 230 1518 potuerit
252 1452 271 1498 a
292 1453 408 1516 prosae
426 1433 581 1497 orationis
599 1431 845 1514 scriptoribus“.
876 1431 1037 1498 Similiter
1059 1431 1213 1497 Valerius

86 1519 255 1584 Maximus
287 1519 349 1584 hoc
381 1518 516 1584 verbum
534 1517 697 1582 adhibuit
718 1516 815 1582 VIII.
848 1523 896 1597 15„
928 1523 956 1583 8.
1014 1517 1103 1597 „Iam
1133 1536 1233 1583 vero¹

87 1625 171 1688 quae
199 1606 234 1669 in
265 1602 325 1670 On.
356 1603 551 1687 Pompeium
580 1612 613 1668 et
642 1603 751 1686 ampla
772 1611 806 1669 et
833 1624 920 1669 nova
947 1608 1102 1688 congesta
1124 1611 1211 1683 sunt,

85 1688 166 1756 hino
187 1691 376 1757 assensione
405 1689 535 1768 favoris,
558 1689 649 1754 illinc
681 1689 816 1755 fremitu
844 1689 988 1756 invidiae
1017 1727 1059 1736 -
1088 1689 1213 1755 obstre-

86 1782 241 1861 puntur“.
291 1773 360 1842 Sed
381 1774 501 1855 dubito,
531 1795 610 1840 num
633 1797 673 1839 ex
703 1774 765 1841 hoc
786 1776 945 1858 scriptore
967 1776 1053 1854 hnic,
1082 1773 1122 1839 de
1150 1794 1213 1858 quo

88 1862 219 1948 agimus
246 1860 326 1940 loco,
349 1861 525 1945 quidquam
547 1859 705 1944 praesidii
725 1861 795 1943 peti
822 1863 931 1945 possit.
984 1861 1099 1930 Cicero
1126 1860 1219 1931 enim.

89 1955 125 2013 et
146 1947 202 2014 alii
223 1946 313 2013 illius
335 1948 451 2013 aetatis
472 1947 647 2030 scriptores
670 1947 806 2013 verbum
833 1949 898 2013 uisi
920 1969 995 2014 cum
1017 1948 1114 2013 tertio
1136 1968 1214 2013 casu

88 2055 157 2100 non
168 2034 365 2118 coniungere
376 2033 533 2114 solebant,
552 2054 613 2099 nec
624 2041 700 2116 apte
712 2031 835 2098 dictum
847 2033 993 2099 videtur:
1016 2031 1092 2112 „sed
1104 2039 1214 2098 tamen

88 2119 248 2186 eiusmodi
276 2140 329 2184 res
362 2141 405 2185 sc.
439 2119 593 2197 „bellicae
621 2125 697 2184 tuae
723 2118 856 2185 landes“
893 2119 1089 2202 nescioquo
1117 2117 1214 2185 modo

89 2206 234 2290 obstrepi
265 2241 302 2254 -—
319 2204 518 2272 'videntur‘t
574 2205 691 2287 Itaque
713 2204 802 2270 haud
829 2206 896 2272 scio
925 2227 968 2270 an
998 2205 1059 2270 hoc
1088 2225 1216 2288 quoque

87 2291 161 2359 looo
183 2289 308 2358 doctior
328 2291 482 2358 librarius
503 2293 693 2374 posterioris
712 2291 869 2375 temporis
894 2291 1055 2370 „clamore
1075 2291 1133 2355 illo
1154 2291 1215 2354 rni-

90 2376 188 2443 litum
221 2385 254 2444 et
283 2376 435 2443 tuberum
465 2383 564 2442 sono“
597 2377 750 2444 seductus
783 2399 825 2442 ex
857 2398 916 2444 suo
948 2377 1082 2442 arbitrio
1114 2377 1217 2442 verba

93 2462 278 2530 Ciceronis:
315 2463 469 2541 „obteri
502 2463 644 2528 militum
677 2464 836 2529 clamore*
867 2471 902 2528 et
927 2486 957 2546 q.
985 2470 1066 2529 seo.‘⁴
1105 2483 1216 2527 emen·

93 2547 184 2615 davit
211 2549 265 2616 vel
292 2549 400 2632 potius
435 2550 580 2632 corrupit
612 2550 648 2613 in
683 2549 846 2633 „obstrepi
874 2550 1015 2615 militum
1044 2549 1215 2614 elamore“.

91 2633 182 2700 Illud
201 2635 343 2713 „obteri“
364 2636 453 2699 enim
475 2641 508 2700 et
525 2635 683 2718 aptiorem
700 2635 834 2718 praebet
845 2637 1040 2702 sententiam
1064 2642 1097 2701 et
1113 2634 1217 2717 ipsius

91 2719 261 2788 Ciceronis
282 2741 345 2785 usu
367 2719 615 2788 commendatur
636 2720 677 2787 ef.
701 2721 767 2787 Oio.
792 2723 868 2788 Aoo.
892 2727 920 2801 5,
944 2729 956 2784 1
985 2721 1132 2800 „laudem
1155 2721 1216 2784 im·

89 2807 289 2892 peratoriam
313 2807 492 2874 obterere“.
534 2808 645 2890 Atque
663 2807 735 2873 aliis
758 2807 972 2891 scriptoribus
994 2807 1056 2875 hoo
1078 2807 1217 2873 verbum

90 2890 204 2959 eodem
237 2914 335 2959 sensu
368 2892 544 2959 admodum
577 2892 734 2959 usitatum
767 2900 845 2958 erat.
909 2893 1086 2976 Compares
1118 2891 1216 2959 velim

90 2971 221 3046 (lornel.
245 2979 327 3061 Nep.
349 2978 466 3044 Timol.
498 2980 523 3044 Ι.
549 2983 577 3042 5.
633 2978 813 3058 „Nonnulli
841 2980 929 3044 enim
957 2979 1081 3044 laesam
1109 2976 1149 3042 ab
1179 2997 1216 3041 eo

89 3064 246 3150 pietatem
274 3063 433 3148 putabant
459 3071 493 3130 et
519 3063 646 3128 invidia
671 3065 803 3131 laudem
831 3065 964 3130 virtutis
993 3062 1215 3130 obterebant“.

91 3150 168 3220 niv.
199 3154 251 3232 23,
280 3155 320 3215 43
352 3151 576 3230 „maiestatem
606 3151 716 3234 populi
747 3151 892 3216 Romani
921 3150 1090 3216 obterere“
1122 3148 1215 3216 Ourt.

93 3240 124 3318 8,
149 3240 176 3316 l,
200 3241 237 3300 ³1
263 3236 384 3318 laudes,
406 3245 440 3302 et
462 3242 491 3316 8,
518 3242 545 3314 l,
569 3239 610 3299 23
633 3258 685 3302 res
703 3236 881 3319 Philippi“.
906 3274 947 3284 -
966 3235 1035 3302 Sed
1052 3235 1218 3301 retineant

93 3322 262 3408 vulgatam
289 3322 472 3402 lectionem,
495 3322 552 3405 qui
581 3321 643 3388 sibi
664 3322 894 3406 persuaserint,
918 3322 996 3388 ferri
1018 3342 1114 3405 posse
1135 3319 1217 3385 illud

93 3408 278 3559 aqbstfilepff
302 3430 361 3493 per
372 3409 567 3475 Latinorum
586 3429 793 3476 communem
811 3416 844 3475 et
862 3408 1030 3476 Oiceronis
1048 3407 1217 3492 proprium

126 3515 188 3561 cen
244 3515 350 3562 usum.

552 3670 756 3684 Mitmfflm

178 3834 234 3904 Sic
262 3836 384 3904 sensim
406 3837 653 3924 progredientes
675 3836 716 3902 ad
739 3859 811 3904 eam
838 3836 1081 3923 paragraphum
1111 3858 1217 3904 acees-

90 3921 210 4003 simus,
245 3944 328 4008 quae
344 3933 492 4007 ..praeter
520 3933 645 3990 ceteras
674 3925 802 4009 largam
836 3925 906 3993 viro
941 3923 1036 3992 docto
1069 3924 1219 4008 praebuit

88 4009 352 4091 reprehendendi
384 4012 565 4077 materiem.
621 4011 692 4076 Iam
726 4012 769 4075 in.
793 4013 817 4094 §.
853 4015 890 4075 10
924 4010 1062 4076 offendit
1090 4009 1218 4075 subtilis

88 4092 255 4179 interpres
277 4097 310 4160 in
329 4095 453 4162 verbis:
479 4098 591 4175 „cuius
620 4104 763 4162 mentem
792 4118 970 4178 sensusque
999 4104 1031 4160 et
1059 4118 1095 4161 os
1115 4095 1219 4161 cerni-

88 4199 182 4259 mus,
213 4188 268 4245 ut“
305 4188 338 4246 et
376 4203 405 4266 q.
439 4203 502 4249 seo.
575 4181 641 4262 „Ut
672 4181 811 4265 quidem,
841 4183 962 4265 inquit,
993 4203 1060 4246 non
1089 4181 1220 4248 videtur

88 4265 222 4346 bebere,
241 4288 304 4350 quo
327 4268 488 4335 referatur
494 4292 503 4348 ;
526 4268 582 4334 sed
601 4268 743 4334 refertur
760 4269 807 4334 ita
829 4267 870 4333 ad
888 4269 1022 4332 nomina
1040 4269 1218 4351 superiora,

141 4368 252 4422 nenne,
270 4371 405 4414 Dissertatio.
998 4369 1016 4423 3
