2820 4822
618 339 783 402 ..34-

137 504 228 588 quasi
251 509 364 571 anotor
387 505 538 573 dixisset:
585 507 691 589 Quem
715 507 879 574 eernimus
901 525 939 570 ee
969 510 1079 569 mente
1106 506 1140 568 et
1164 520 1268 568 sensu

138 610 218 655 esse.
263 591 394 657 Durum
417 591 589 659 videbatur
607 594 731 660 auetori
757 600 919 671 „mentem
938 590 1075 656 alieuius
1097 594 1132 653 et
1150 609 1269 654 sensus

138 687 309 757 eernere“;
333 699 392 746 neo
421 678 597 758 immerito,
627 680 689 745 etsi
717 678 936 763 penegyrious
965 677 1105 758 scriptor
1135 673 1268 741 saeoulo

137 759 339 828 deformatae
360 764 493 847 linguae
515 787 580 830 non
603 763 764 830 dubitavit
795 763 1004 842 „mitissimos
1028 781 1144 826 sensus
1173 760 1268 842 prin·

138 847 218 930 oipis
245 848 404 927 intueri“,
432 849 616 916 Eumenius
643 850 680 915 in
705 850 911 917 Constantin.
938 850 1025 930 Aug.
1055 868 1081 912 e.
1112 849 1163 911 20.
1214 845 1269 911 Ita

138 954 215 999 vero
237 933 292 998 hie
313 935 347 998 in
370 933 457 1000 alind
486 935 602 1001 insidit
624 936 753 1015 durum,
784 934 841 1001 sed
864 936 1015 1017 argutius
1046 932 1178 1009 dietum,
1211 951 1268 1009 „os

138 1019 321 1084 oernimus“
342 1018 373 1084 h.
397 1042 423 1085 e.
444 1021 574 1087 vultum
593 1022 702 1098 talem,
721 1045 762 1087 ex
780 1041 843 1103 quo
862 1038 990 1084 summa
1013 1017 1140 1083 bonitas
1160 1016 1269 1083 elueet

138 1111 171 1168 et
193 1104 375 1170 elementis.
420 1105 562 1186 Durum,
584 1108 734 1189 inquam:
765 1105 968 1183 ἀκατάλληλος
999 1103 1088 1169 onim
1116 1110 1167 1168 est
1189 1124 1267 1168 eon-

136 1190 272 1254 strnotio
297 1211 351 1267 „os
373 1193 546 1270 cernimus,
568 1202 606 1257 ut
628 1230 669 1239 —
692 1193 824 1258 velis““.
852 1192 926 1257 Hoo
944 1196 994 1255 est
1014 1190 1122 1272 potius
1140 1188 1267 1279 salum3

137 1276 222 1340 niori
243 1277 436 1359 seriptorem
458 1299 556 1362 quam
584 1285 671 1345 reete
693 1277 915 1361 interpretari.
965 1275 1162 1358 Suspectum
1192 1273 1267 1338 red-

138 1359 214 1426 dere
245 1370 380 1427 eonatur
413 1364 555 1430 Wolfius
589 1365 726 1430 verbum
770 1361 962 1442 „oernendi“
1003 1358 1171 1426 afferendo
1207 1359 1267 1423 illo

138 1449 330 1531 panegyrioi
351 1450 510 1532 exemplo,
536 1470 641 1532 neque
663 1458 774 1516 tamen
802 1449 1076 1532 intelligentiores
1106 1444 1268 1510 eiusmodi

139 1533 276 1598 artifieio
299 1532 447 1618 desipiet,
469 1557 542 1600 eum
572 1544 731 1618 quantum
756 1535 887 1602 intersit
916 1537 1004 1598 inter
1026 1533 1161 1597 verbum
1195 1530 1267 1607 „in-

140 1617 272 1682 tuendi“
297 1626 331 1684 et
355 1621 546 1698 „oernendi“
572 1622 684 1687 soient.
731 1620 818 1703 Quid
841 1627 950 1686 autem
973 1618 1047 1684 duri
1076 1618 1175 1682 sitin
1203 1617 1268 1681 hoo

139 1704 239 1770 verbo
263 1705 304 1769 ad
334 1713 477 1772 mentem
507 1715 541 1772 et
569 1727 685 1773 sensus
712 1707 816 1772 relata
845 1726 977 1789 prorsus
1004 1725 1071 1768 non
1100 1712 1267 1786 assequor.

140 1787 284 1855 Oornere
306 1792 394 1856 enim
413 1798 446 1856 et
465 1792 505 1857 de
527 1793 629 1858 oeulis
658 1801 691 1858 et
718 1793 758 1858 de
787 1791 896 1858 animo
926 1790 1108 1874 promiseue
1137 1788 1268 1866 dieitur,

139 1896 245 1958 neque
267 1875 336 1941 ulle
357 1899 410 1943 res
428 1878 522 1944 faeile
545 1879 681 1962 eogitari
703 1885 821 1962 potest,
845 1876 885 1943 de
903 1898 966 1961 qua
991 1897 1056 1941 non
1078 1875 1175 1941 lineat
1197 1893 1269 1939 oer-

139 1958 239 2034 nendi
261 1963 361 2028 verbo
383 1963 442 2043 uti,
465 1963 552 2046 quod
575 1962 655 2031 haee
680 1964 830 2048 exempla
860 1963 993 2028 docent:
1023 1962 1096 2026 Ter.
1130 1959 1216 2024 And.
1239 1959 1268 2023 Ι.

142 2050 169 2126 1,
194 2050 255 2111 108
278 2055 314 2112 nt
337 2056 530 2115 consuetum
552 2050 646 2115 faoile
669 2070 813 2116 amorem
837 2060 996 2116 eerneres'.
1049 2046 1116 2112 Oie.
1142 2044 1181 2110 de
1203 2044 1269 2129 leg.

140 2150 207 2216 agr.
233 2137 261 2212 2,
285 2139 314 2213 4,
339 2138 357 2198 9
381 2156 464 2217 quae
480 2157 560 2201 eum
583 2157 644 2223 ego
662 2157 728 2201 non
749 2136 853 2202 solnm
878 2134 1071 2218 suspioarer,
1094 2129 1152 2196 sed
1169 2131 1271 2213 plane

140 2239 316 2285 eernerem.
369 2220 436 2287 cie.
460 2243 529 2287 sen.
552 2225 602 2300 23,
626 2226 666 2287 83
690 2223 822 2287 animus
843 2221 918 2304 plus
940 2219 1045 2286 oernit
1074 2227 1106 2283 et
1126 2217 1270 2300 longius.

229 2302 391 2371 Similiter
408 2307 493 2390 quod
505 2309 572 2373 fere
589 2306 676 2373 idem
688 2316 738 2373 est
760 2306 896 2373 verbum
914 2304 1048 2372 videndi
1071 2324 1144 2368 eum
1155 2302 1271 2366 animo

140 2390 352 2457 ooniunotum
375 2393 555 2475 reperitur:
580 2393 666 2458 Phil.
689 2392 734 2457 X.
762 2399 808 2456 17.
852 2393 978 2475 Atquin
1000 2390 1099 2454 huius
1121 2388 1272 2453 animum

93 2509 97 2521 ι
139 2495 216 2559 ergo
240 2476 285 2541 M.
304 2477 447 2542 Brutum
469 2477 679 2562 studiumque
700 2478 838 2544 vidistis.
871 2514 903 2524 -
926 2478 1021 2542 Verr.
1037 2477 1078 2540 V.
1101 2479 1149 2539 14.
1184 2473 1273 2538 (lum

139 2561 349 2627 servitiorum
388 2564 513 2629 animos
553 2565 588 2628 in
622 2564 733 2630 Sieilia
766 2584 942 2647 suspensos
978 2568 1109 2645 propter
1148 2558 1274 2624 bellum

139 2645 257 2712 Italiae
279 2648 491 2732 lugitivorum
515 2649 650 2716 rideret.

228 2730 295 2799 Sed
317 2755 433 2800 vereor
454 2757 495 2800 ne
517 2735 584 2800 iam
605 2737 692 2803 insto
714 2737 810 2821 plura
831 2735 932 2801 verba
953 2735 1068 2800 feoisse
1090 2731 1204 2796 videar
1225 2730 1269 2795 ad

140 2838 210 2883 rem
230 2819 395 2900 tuendam,
418 2841 500 2902 quae
519 2822 602 2886 nihil
621 2821 740 2887 habeat
758 2822 956 2888 offensionis.
986 2819 1025 2883 Id
1048 2825 1157 2882 antem
1179 2825 1270 2882 reete

140 2903 283 2970 Wolfius
295 2907 429 2986 monuit,
452 2905 572 2972 durum
595 2928 666 2975 esse
684 2909 799 2988 losum,
818 2906 905 2991 quod
923 2904 1084 2989 portioula
1105 2908 1178 2982 „ut“
1198 2920 1269 2967 non

140 2989 285 3070 haberet,
314 3011 377 3073 qno
403 2993 588 3058 referretur.
641 2994 709 3058 Vix
738 2995 826 3058 enim
855 2992 896 3057 ad
924 2991 1132 3061 artifieiosam
1160 2987 1267 3069 expli·

140 3074 237 3140 sandi
263 3077 423 3143 rationem
461 3078 637 3163 eonfugere
670 3100 858 3162 possumus,
893 3097 988 3161 quam
1017 3076 1057 3139 F.
1086 3074 1268 3140 Riohterus

140 3160 214 3224 iniit
235 3167 383 3228 statuens
405 3165 609 3229 enuntiatum
633 3186 652 3229 a
673 3165 900 3231 coniunctione
925 3169 997 3241 „ut“
1022 3160 1182 3243 insipiens
1207 3179 1269 3242 per

141 3247 338 3330 epexegesin
365 3248 516 3314 liberiore
543 3249 639 3315 modo
670 3250 825 3316 additum.
887 3248 1037 3326 Aeoedit,
1066 3245 1151 3329 quod
1184 3243 1270 3310 illud

144 3338 219 3409 „os“
244 3333 269 3397 si
293 3332 441 3400 eodioum
463 3336 691 3401 austeritatem
714 3337 897 3419 sequimur,
919 3334 1031 3417 inepte
1058 3331 1269 3414 ooniungitur

141 3437 216 3483 oum
239 3419 405 3486 voeabulis
437 3429 599 3499 „mentem
629 3428 837 3505 sensusque“‚
866 3443 940 3486 eum
968 3419 1060 3484 nulla
1086 3413 1271 3482 intersedat

142 3503 284 3569 notionis
303 3505 492 3570 similitudo.
537 3508 712 3573 Praeterea
730 3507 905 3572 admodum
925 3503 1118 3588 languidum
1135 3501 1271 3566 videtur

142 3588 1269 3676 vocabulumauteoedentibusverbis„quempraesentemintuemnr“.

144 3673 247 3752 Adde,
268 3677 354 3758 quod
377 3679 546 3742 abhorruit
573 3679 733 3744 eratione
755 3680 842 3744 vitae
865 3677 1045 3765 eommunis
1075 3680 1108 3739 et
1134 3672 1271 3737 urbani·

144 3759 221 3823 tatis
250 3761 285 3824 in
313 3782 431 3847 magno
459 3763 630 3828 hominum
668 3772 763 3830 eoetu
792 3764 973 3847 praesentis
1002 3760 1142 3828 alieuius
1170 3779 1206 3824 os
1235 3765 1271 3824 et

144 3843 272 3909 vultum
298 3849 559 3929 oommemorari‚
590 3871 653 3933 quo
683 3851 866 3916 exaltentur
893 3870 1005 3914 omnes
1032 3845 1073 3910 ad
1101 3844 1272 3910 hominem

56 3999 60 4003 ,
143 3929 341 3995 intuendum
363 3940 395 3998 et
417 3934 457 3998 ad
484 3935 673 4001 iudicandos
695 3937 765 4001 eius
787 3958 828 4001 ex
857 3935 953 4000 vultu
981 3950 1105 3999 sensus.
1159 3928 1269 4008 „Ore“

144 4027 393 4083 oommemorato
415 4041 449 4084 se
474 4042 578 4104 paene
607 4021 748 4086 ludibrio
777 4022 891 4087 haberi
918 4016 1271 4097 eredidissot‚‘0aesar,

144 4121 370 4186 quameunque
392 4106 585 4173 ostendisset
607 4108 744 4186 vultum,
767 4108 868 4173 oeulis
896 4107 1040 4171 omnium
1063 4103 1099 4167 in
1129 4123 1163 4169 se
1192 4122 1271 4167 eon-

146 4188 258 4252 versis.
289 4189 472 4257 Modestius
493 4194 637 4276 profesto
659 4202 693 4258 et
712 4193 896 4277 elegantius
918 4190 1110 4257 dieebantur
1135 4194 1269 4266 „mens“

146 4269 295 4340 (laeseris
328 4284 360 4342 et
390 4285 543 4354 „sensus“
574 4280 673 4344 oerni.
734 4279 885 4362 Denique
917 4278 1026 4341 omnia
1055 4285 1127 4341 nos·
1154 4274 1272 4340 dooere
