<?xml version="1.0" encoding="UTF-8"?>
<!DOCTYPE html PUBLIC "-//W3C//DTD XHTML 1.0 Transitional//EN"
    "http://www.w3.org/TR/xhtml1/DTD/xhtml1-transitional.dtd">
<html xmlns="http://www.w3.org/1999/xhtml" xml:lang="en" lang="en">
 <head>
  <title>
</title>
<meta http-equiv="Content-Type" content="text/html;charset=utf-8" />
  <meta name='ocr-system' content='tesseract 3.04.00' />
  <meta name='ocr-capabilities' content='ocr_page ocr_carea ocr_par ocr_line ocrx_word'/>
</head>
<body>
  <div class='ocr_page' id='page_1' title='image "./orationempronma00hahngoog_0045.png"; bbox 0 0 2820 4822; ppageno 0'>
   <div class='ocr_carea' id='block_1_1' title="bbox 683 289 852 352">
    <p class='ocr_par' dir='ltr' id='par_1_1' title="bbox 683 289 852 352">
     <span class='ocr_line' id='line_1_1' title="bbox 683 289 852 352; baseline -0.006 -15"><span class='ocrx_word' id='word_1_1' title='bbox 683 289 852 352; x_wconf 73' lang='lat'><strong>..42-</strong></span> 
     </span>
    </p>
   </div>
   <div class='ocr_carea' id='block_1_2' title="bbox 127 457 1331 3802">
    <p class='ocr_par' dir='ltr' id='par_1_2' title="bbox 197 457 1331 886">
     <span class='ocr_line' id='line_1_2' title="bbox 198 457 1331 543; baseline 0 -21"><span class='ocrx_word' id='word_1_2' title='bbox 198 479 303 541; x_wconf 88' lang='lat' dir='ltr'><strong>neque</strong></span> <span class='ocrx_word' id='word_1_3' title='bbox 336 458 419 524; x_wconf 88' lang='lat' dir='ltr'><strong>alius</strong></span> <span class='ocrx_word' id='word_1_4' title='bbox 450 458 643 543; x_wconf 85' lang='lat' dir='ltr'><strong>probrorum</strong></span> <span class='ocrx_word' id='word_1_5' title='bbox 675 460 869 541; x_wconf 79' lang='lat' dir='ltr'><strong>scriptorum</strong></span> <span class='ocrx_word' id='word_1_6' title='bbox 904 459 1075 534; x_wconf 80' lang='lat' dir='ltr'><strong>„eonsilia“</strong></span> <span class='ocrx_word' id='word_1_7' title='bbox 1107 457 1192 523; x_wconf 83' lang='lat' dir='ltr'><strong>dixit</strong></span> <span class='ocrx_word' id='word_1_8' title='bbox 1221 457 1331 535; x_wconf 82' lang='lat' dir='ltr'><strong>„sosia</strong></span> 
     </span>
     <span class='ocr_line' id='line_1_3' title="bbox 199 542 1331 628; baseline 0 -20"><span class='ocrx_word' id='word_1_9' title='bbox 199 550 312 628; x_wconf 87' lang='lat' dir='ltr'><strong>togae“</strong></span> <span class='ocrx_word' id='word_1_10' title='bbox 339 544 389 609; x_wconf 90' lang='lat' dir='ltr'><strong>vel</strong></span> <span class='ocrx_word' id='word_1_11' title='bbox 420 550 635 622; x_wconf 72' lang='lat' dir='ltr'><strong>„armorum“,</strong></span> <span class='ocrx_word' id='word_1_12' title='bbox 680 545 765 610; x_wconf 89' lang='lat' dir='ltr'><strong>Nam</strong></span> <span class='ocrx_word' id='word_1_13' title='bbox 795 544 881 628; x_wconf 91' lang='lat' dir='ltr'><strong>quod</strong></span> <span class='ocrx_word' id='word_1_14' title='bbox 910 545 1097 628; x_wconf 77' lang='lat' dir='ltr'>eloquentia</span> <span class='ocrx_word' id='word_1_15' title='bbox 1123 564 1142 607; x_wconf 89' lang='lat' dir='ltr'><strong>a</strong></span> <span class='ocrx_word' id='word_1_16' title='bbox 1169 542 1331 609; x_wconf 84' lang='lat' dir='ltr'><strong>Oioerone</strong></span> 
     </span>
     <span class='ocr_line' id='line_1_4' title="bbox 198 626 1328 714; baseline 0.001 -21"><span class='ocrx_word' id='word_1_17' title='bbox 198 629 315 695; x_wconf 87' lang='lat' dir='ltr'><strong>alieubi</strong></span> <span class='ocrx_word' id='word_1_18' title='bbox 338 630 521 714; x_wconf 86' lang='lat' dir='ltr'><strong>appellatur</strong></span> <span class='ocrx_word' id='word_1_19' title='bbox 545 631 652 713; x_wconf 87' lang='lat' dir='ltr'><strong>„paeis</strong></span> <span class='ocrx_word' id='word_1_20' title='bbox 674 651 782 696; x_wconf 89' lang='lat' dir='ltr'><strong>eomes</strong></span> <span class='ocrx_word' id='word_1_21' title='bbox 804 632 925 714; x_wconf 92' lang='lat' dir='ltr'><strong>otiique</strong></span> <span class='ocrx_word' id='word_1_22' title='bbox 943 633 1059 710; x_wconf 82' lang='lat' dir='ltr'><strong>soeia,“</strong></span> <span class='ocrx_word' id='word_1_23' title='bbox 1084 652 1150 695; x_wconf 92' lang='lat' dir='ltr'><strong>non</strong></span> <span class='ocrx_word' id='word_1_24' title='bbox 1173 626 1214 692; x_wconf 89' lang='lat' dir='ltr'><strong>ad</strong></span> <span class='ocrx_word' id='word_1_25' title='bbox 1232 629 1328 712; x_wconf 90' lang='lat' dir='ltr'><strong>quid-</strong></span> 
     </span>
     <span class='ocr_line' id='line_1_5' title="bbox 197 715 1329 801; baseline 0.001 -21"><span class='ocrx_word' id='word_1_26' title='bbox 197 715 249 781; x_wconf 85' lang='lat' dir='ltr'><strong>vis</strong></span> <span class='ocrx_word' id='word_1_27' title='bbox 282 716 371 781; x_wconf 90' lang='lat' dir='ltr'><strong>aliud</strong></span> <span class='ocrx_word' id='word_1_28' title='bbox 404 738 443 782; x_wconf 88' lang='lat' dir='ltr'><strong>ea</strong></span> <span class='ocrx_word' id='word_1_29' title='bbox 474 716 615 781; x_wconf 88' lang='lat' dir='ltr'><strong>formula</strong></span> <span class='ocrx_word' id='word_1_30' title='bbox 648 717 818 782; x_wconf 76' lang='lat' dir='ltr'><strong>transferri</strong></span> <span class='ocrx_word' id='word_1_31' title='bbox 851 724 974 801; x_wconf 88' lang='lat' dir='ltr'><strong>potest;</strong></span> <span class='ocrx_word' id='word_1_32' title='bbox 1014 738 1120 801; x_wconf 90' lang='lat' dir='ltr'><strong>neque</strong></span> <span class='ocrx_word' id='word_1_33' title='bbox 1159 715 1215 779; x_wconf 93' lang='lat' dir='ltr'><strong>illo</strong></span> <span class='ocrx_word' id='word_1_34' title='bbox 1256 715 1329 781; x_wconf 87' lang='lat' dir='ltr'><strong>loeo</strong></span> 
     </span>
     <span class='ocr_line' id='line_1_6' title="bbox 201 801 623 886; baseline -0.002 -19"><span class='ocrx_word' id='word_1_35' title='bbox 201 801 325 878; x_wconf 82' lang='lat' dir='ltr'><strong>„sooia“</strong></span> <span class='ocrx_word' id='word_1_36' title='bbox 351 801 433 866; x_wconf 84' lang='lat' dir='ltr'><strong>dixit</strong></span> <span class='ocrx_word' id='word_1_37' title='bbox 458 809 623 886; x_wconf 85' lang='lat' dir='ltr'><strong>„togae.““</strong></span> 
     </span>
    </p>

    <p class='ocr_par' dir='ltr' id='par_1_3' title="bbox 127 885 1329 3375">
     <span class='ocr_line' id='line_1_7' title="bbox 284 885 1328 972; baseline 0.002 -21"><span class='ocrx_word' id='word_1_38' title='bbox 284 885 382 968; x_wconf 73' lang='lat' dir='ltr'><strong>Quod</strong></span> <span class='ocrx_word' id='word_1_39' title='bbox 401 888 562 970; x_wconf 82' lang='lat' dir='ltr'><strong>posterius</strong></span> <span class='ocrx_word' id='word_1_40' title='bbox 585 887 705 953; x_wconf 84' lang='lat' dir='ltr'><strong>addere</strong></span> <span class='ocrx_word' id='word_1_41' title='bbox 726 894 812 953; x_wconf 85' lang='lat' dir='ltr'><strong>oerte</strong></span> <span class='ocrx_word' id='word_1_42' title='bbox 831 911 897 954; x_wconf 92' lang='lat' dir='ltr'><strong>non</strong></span> <span class='ocrx_word' id='word_1_43' title='bbox 920 888 1092 972; x_wconf 91' lang='lat' dir='ltr'><strong>prudentis</strong></span> <span class='ocrx_word' id='word_1_44' title='bbox 1114 895 1192 953; x_wconf 86' lang='lat' dir='ltr'><strong>erat.</strong></span> <span class='ocrx_word' id='word_1_45' title='bbox 1239 887 1328 953; x_wconf 79' lang='lat' dir='ltr'><strong>Gom</strong></span> 
     </span>
     <span class='ocr_line' id='line_1_8' title="bbox 197 971 1327 1052; baseline -0.002 -13"><span class='ocrx_word' id='word_1_46' title='bbox 197 973 285 1039; x_wconf 90' lang='lat' dir='ltr'><strong>enim</strong></span> <span class='ocrx_word' id='word_1_47' title='bbox 299 972 349 1037; x_wconf 89' lang='lat' dir='ltr'><strong>vir</strong></span> <span class='ocrx_word' id='word_1_48' title='bbox 361 971 473 1038; x_wconf 90' lang='lat' dir='ltr'><strong>doetus</strong></span> <span class='ocrx_word' id='word_1_49' title='bbox 489 994 527 1037; x_wconf 86' lang='lat' dir='ltr'><strong>ea</strong></span> <span class='ocrx_word' id='word_1_50' title='bbox 543 981 673 1039; x_wconf 89' lang='lat' dir='ltr'><strong>tantum</strong></span> <span class='ocrx_word' id='word_1_51' title='bbox 685 972 836 1039; x_wconf 82' lang='lat' dir='ltr'><strong>Oieeroni</strong></span> <span class='ocrx_word' id='word_1_52' title='bbox 857 973 1029 1039; x_wconf 89' lang='lat' dir='ltr'><strong>tribuenda</strong></span> <span class='ocrx_word' id='word_1_53' title='bbox 1047 995 1118 1040; x_wconf 88' lang='lat' dir='ltr'><strong>esse</strong></span> <span class='ocrx_word' id='word_1_54' title='bbox 1138 972 1327 1052; x_wconf 79' lang='lat' dir='ltr'><strong>contendat,</strong></span> 
     </span>
     <span class='ocr_line' id='line_1_9' title="bbox 197 1057 1327 1142; baseline 0.002 -20"><span class='ocrx_word' id='word_1_55' title='bbox 197 1079 279 1142; x_wconf 90' lang='lat' dir='ltr'><strong>quae</strong></span> <span class='ocrx_word' id='word_1_56' title='bbox 294 1057 432 1123; x_wconf 89' lang='lat' dir='ltr'><strong>aliorum</strong></span> <span class='ocrx_word' id='word_1_57' title='bbox 448 1059 594 1124; x_wconf 81' lang='lat' dir='ltr'><strong>lotorum</strong></span> <span class='ocrx_word' id='word_1_58' title='bbox 609 1082 652 1124; x_wconf 80' lang='lat' dir='ltr'><strong>ex</strong></span> <span class='ocrx_word' id='word_1_59' title='bbox 666 1060 737 1126; x_wconf 90' lang='lat' dir='ltr'><strong>eius</strong></span> <span class='ocrx_word' id='word_1_60' title='bbox 759 1061 889 1142; x_wconf 84' lang='lat' dir='ltr'><strong>seriptis</strong></span> <span class='ocrx_word' id='word_1_61' title='bbox 909 1059 1153 1142; x_wconf 87' lang='lat' dir='ltr'><strong>desumptorum</strong></span> <span class='ocrx_word' id='word_1_62' title='bbox 1172 1059 1327 1124; x_wconf 91' lang='lat' dir='ltr'><strong>similitu-</strong></span> 
     </span>
     <span class='ocr_line' id='line_1_10' title="bbox 197 1143 1328 1230; baseline 0.002 -22"><span class='ocrx_word' id='word_1_63' title='bbox 197 1144 272 1208; x_wconf 90' lang='lat' dir='ltr'><strong>dine</strong></span> <span class='ocrx_word' id='word_1_64' title='bbox 284 1143 545 1228; x_wconf 87' lang='lat' dir='ltr'><strong>oomprobentur,</strong></span> <span class='ocrx_word' id='word_1_65' title='bbox 560 1146 617 1210; x_wconf 93' lang='lat' dir='ltr'><strong>illo</strong></span> <span class='ocrx_word' id='word_1_66' title='bbox 640 1146 737 1210; x_wconf 87' lang='lat' dir='ltr'><strong>allato</strong></span> <span class='ocrx_word' id='word_1_67' title='bbox 759 1147 829 1212; x_wconf 88' lang='lat' dir='ltr'><strong>loeo</strong></span> <span class='ocrx_word' id='word_1_68' title='bbox 841 1146 1037 1213; x_wconf 86' lang='lat' dir='ltr'><strong>adversariis</strong></span> <span class='ocrx_word' id='word_1_69' title='bbox 1054 1153 1222 1230; x_wconf 84' lang='lat' dir='ltr'><strong>tamquam</strong></span> <span class='ocrx_word' id='word_1_70' title='bbox 1233 1166 1328 1213; x_wconf 83' lang='lat' dir='ltr'><strong>oona-</strong></span> 
     </span>
     <span class='ocr_line' id='line_1_11' title="bbox 197 1230 1328 1316; baseline 0.001 -21"><span class='ocrx_word' id='word_1_71' title='bbox 197 1231 321 1295; x_wconf 89' lang='lat' dir='ltr'><strong>sionem</strong></span> <span class='ocrx_word' id='word_1_72' title='bbox 334 1231 477 1313; x_wconf 86' lang='lat' dir='ltr'><strong>praebet,</strong></span> <span class='ocrx_word' id='word_1_73' title='bbox 490 1231 531 1296; x_wconf 88' lang='lat' dir='ltr'><strong>ab</strong></span> <span class='ocrx_word' id='word_1_74' title='bbox 542 1232 613 1315; x_wconf 91' lang='lat' dir='ltr'><strong>ipso</strong></span> <span class='ocrx_word' id='word_1_75' title='bbox 630 1253 721 1296; x_wconf 87' lang='lat' dir='ltr'><strong>arma</strong></span> <span class='ocrx_word' id='word_1_76' title='bbox 732 1230 913 1309; x_wconf 87' lang='lat' dir='ltr'><strong>mutuandi,</strong></span> <span class='ocrx_word' id='word_1_77' title='bbox 927 1233 1043 1316; x_wconf 90' lang='lat' dir='ltr'><strong>quibus</strong></span> <span class='ocrx_word' id='word_1_78' title='bbox 1056 1230 1215 1296; x_wconf 87' lang='lat' dir='ltr'><strong>eiusmodi</strong></span> <span class='ocrx_word' id='word_1_79' title='bbox 1227 1253 1328 1315; x_wconf 87' lang='lat' dir='ltr'><strong>argu·</strong></span> 
     </span>
     <span class='ocr_line' id='line_1_12' title="bbox 196 1317 1325 1402; baseline 0 -20"><span class='ocrx_word' id='word_1_80' title='bbox 196 1317 260 1382; x_wconf 88' lang='lat' dir='ltr'><strong>tias</strong></span> <span class='ocrx_word' id='word_1_81' title='bbox 272 1317 441 1400; x_wconf 89' lang='lat' dir='ltr'><strong>repellant.</strong></span> <span class='ocrx_word' id='word_1_82' title='bbox 472 1318 559 1382; x_wconf 88' lang='lat' dir='ltr'><strong>Nam</strong></span> <span class='ocrx_word' id='word_1_83' title='bbox 576 1319 603 1384; x_wconf 92' lang='lat' dir='ltr'><strong>si</strong></span> <span class='ocrx_word' id='word_1_84' title='bbox 621 1319 807 1401; x_wconf 83' lang='lat' dir='ltr'><strong>eloquentia</strong></span> <span class='ocrx_word' id='word_1_85' title='bbox 830 1319 937 1402; x_wconf 85' lang='lat' dir='ltr'><strong>„paeis</strong></span> <span class='ocrx_word' id='word_1_86' title='bbox 954 1338 1061 1384; x_wconf 88' lang='lat' dir='ltr'><strong>eomes</strong></span> <span class='ocrx_word' id='word_1_87' title='bbox 1077 1318 1200 1401; x_wconf 91' lang='lat' dir='ltr'><strong>otiique</strong></span> <span class='ocrx_word' id='word_1_88' title='bbox 1211 1318 1325 1383; x_wconf 61' lang='lat' dir='ltr'><strong>&#39;soeiw</strong></span> 
     </span>
     <span class='ocr_line' id='line_1_13' title="bbox 197 1401 1327 1487; baseline 0 -19"><span class='ocrx_word' id='word_1_89' title='bbox 197 1401 367 1468; x_wconf 81' lang='lat' dir='ltr'><strong>Gioeronis</strong></span> <span class='ocrx_word' id='word_1_90' title='bbox 387 1410 445 1481; x_wconf 90' lang='lat' dir='ltr'><strong>est,</strong></span> <span class='ocrx_word' id='word_1_91' title='bbox 465 1404 563 1468; x_wconf 86' lang='lat' dir='ltr'><strong>etiam</strong></span> <span class='ocrx_word' id='word_1_92' title='bbox 578 1404 734 1480; x_wconf 80' lang='lat' dir='ltr'><strong>„oonsilio</strong></span> <span class='ocrx_word' id='word_1_93' title='bbox 751 1403 839 1487; x_wconf 83' lang='lat' dir='ltr'><strong>pasis</strong></span> <span class='ocrx_word' id='word_1_94' title='bbox 858 1405 963 1470; x_wconf 89' lang='lat' dir='ltr'><strong>soeia“</strong></span> <span class='ocrx_word' id='word_1_95' title='bbox 983 1403 1128 1469; x_wconf 88' lang='lat' dir='ltr'><strong>eiusdem</strong></span> <span class='ocrx_word' id='word_1_96' title='bbox 1141 1424 1327 1468; x_wconf 87' lang='lat' dir='ltr'><strong>esseunus·</strong></span> 
     </span>
     <span class='ocr_line' id='line_1_14' title="bbox 196 1489 1328 1572; baseline 0.001 -20"><span class='ocrx_word' id='word_1_97' title='bbox 196 1489 340 1572; x_wconf 77' lang='lat' dir='ltr'><strong>quisquo,</strong></span> <span class='ocrx_word' id='word_1_98' title='bbox 354 1490 409 1572; x_wconf 91' lang='lat' dir='ltr'><strong>qui</strong></span> <span class='ocrx_word' id='word_1_99' title='bbox 421 1490 548 1555; x_wconf 89' lang='lat' dir='ltr'><strong>sineere</strong></span> <span class='ocrx_word' id='word_1_100' title='bbox 560 1497 673 1554; x_wconf 89' lang='lat' dir='ltr'><strong>utatur</strong></span> <span class='ocrx_word' id='word_1_101' title='bbox 683 1490 812 1568; x_wconf 78' lang='lat' dir='ltr'><strong>iuditio,</strong></span> <span class='ocrx_word' id='word_1_102' title='bbox 826 1490 1003 1556; x_wconf 89' lang='lat' dir='ltr'><strong>eoneedere</strong></span> <span class='ocrx_word' id='word_1_103' title='bbox 1015 1489 1118 1555; x_wconf 87' lang='lat' dir='ltr'><strong>debet.</strong></span> <span class='ocrx_word' id='word_1_104' title='bbox 1135 1489 1222 1554; x_wconf 86' lang='lat' dir='ltr'><strong>Nam</strong></span> <span class='ocrx_word' id='word_1_105' title='bbox 1234 1490 1262 1555; x_wconf 90' lang='lat' dir='ltr'><strong>si</strong></span> <span class='ocrx_word' id='word_1_106' title='bbox 1273 1509 1328 1554; x_wconf 91' lang='lat' dir='ltr'><strong>res</strong></span> 
     </span>
     <span class='ocr_line' id='line_1_15' title="bbox 195 1574 1329 1659; baseline -0.001 -19"><span class='ocrx_word' id='word_1_107' title='bbox 195 1582 228 1640; x_wconf 88' lang='lat' dir='ltr'><strong>et</strong></span> <span class='ocrx_word' id='word_1_108' title='bbox 241 1576 390 1657; x_wconf 85' lang='lat' dir='ltr'><strong>notiones</strong></span> <span class='ocrx_word' id='word_1_109' title='bbox 411 1576 499 1640; x_wconf 89' lang='lat' dir='ltr'><strong>inter</strong></span> <span class='ocrx_word' id='word_1_110' title='bbox 517 1598 552 1641; x_wconf 90' lang='lat' dir='ltr'><strong>se</strong></span> <span class='ocrx_word' id='word_1_111' title='bbox 570 1598 636 1641; x_wconf 87' lang='lat' dir='ltr'><strong>non</strong></span> <span class='ocrx_word' id='word_1_112' title='bbox 655 1577 848 1659; x_wconf 82' lang='lat' dir='ltr'><strong>confligunt,</strong></span> <span class='ocrx_word' id='word_1_113' title='bbox 867 1578 896 1640; x_wconf 89' lang='lat' dir='ltr'><strong>si</strong></span> <span class='ocrx_word' id='word_1_114' title='bbox 917 1576 1042 1659; x_wconf 90' lang='lat' dir='ltr'><strong>patitur</strong></span> <span class='ocrx_word' id='word_1_115' title='bbox 1059 1597 1146 1654; x_wconf 88' lang='lat' dir='ltr'><strong>usus,</strong></span> <span class='ocrx_word' id='word_1_116' title='bbox 1170 1575 1199 1640; x_wconf 90' lang='lat' dir='ltr'><strong>si</strong></span> <span class='ocrx_word' id='word_1_117' title='bbox 1216 1574 1329 1641; x_wconf 89' lang='lat' dir='ltr'><strong>analo-</strong></span> 
     </span>
     <span class='ocr_line' id='line_1_16' title="bbox 195 1661 1328 1746; baseline 0 -21"><span class='ocrx_word' id='word_1_118' title='bbox 195 1661 250 1745; x_wconf 90' lang='lat' dir='ltr'><strong>gia</strong></span> <span class='ocrx_word' id='word_1_119' title='bbox 272 1681 338 1725; x_wconf 91' lang='lat' dir='ltr'><strong>non</strong></span> <span class='ocrx_word' id='word_1_120' title='bbox 361 1676 531 1744; x_wconf 83' lang='lat' dir='ltr'><strong>repugnat,</strong></span> <span class='ocrx_word' id='word_1_121' title='bbox 554 1669 631 1744; x_wconf 89' lang='lat' dir='ltr'><strong>puto</strong></span> <span class='ocrx_word' id='word_1_122' title='bbox 654 1662 715 1727; x_wconf 88' lang='lat' dir='ltr'><strong>hoe</strong></span> <span class='ocrx_word' id='word_1_123' title='bbox 738 1683 807 1727; x_wconf 88' lang='lat' dir='ltr'><strong>esse</strong></span> <span class='ocrx_word' id='word_1_124' title='bbox 825 1683 884 1744; x_wconf 92' lang='lat' dir='ltr'><strong>pro</strong></span> <span class='ocrx_word' id='word_1_125' title='bbox 902 1667 1107 1746; x_wconf 87' lang='lat' dir='ltr'><strong>argumento,</strong></span> <span class='ocrx_word' id='word_1_126' title='bbox 1131 1661 1328 1727; x_wconf 85' lang='lat' dir='ltr'><strong>Oiosronem</strong></span> 
     </span>
     <span class='ocr_line' id='line_1_17' title="bbox 196 1745 1328 1832; baseline 0.003 -21"><span class='ocrx_word' id='word_1_127' title='bbox 196 1745 243 1812; x_wconf 87' lang='lat' dir='ltr'><strong>sie</strong></span> <span class='ocrx_word' id='word_1_128' title='bbox 272 1745 361 1830; x_wconf 91' lang='lat' dir='ltr'><strong>loqui</strong></span> <span class='ocrx_word' id='word_1_129' title='bbox 390 1754 423 1811; x_wconf 86' lang='lat' dir='ltr'><strong>et</strong></span> <span class='ocrx_word' id='word_1_130' title='bbox 451 1747 591 1813; x_wconf 88' lang='lat' dir='ltr'><strong>seribere</strong></span> <span class='ocrx_word' id='word_1_131' title='bbox 618 1749 770 1832; x_wconf 89' lang='lat' dir='ltr'><strong>potuisse.</strong></span> <span class='ocrx_word' id='word_1_132' title='bbox 793 1786 835 1794; x_wconf 88' lang='lat'><em>-</em></span> <span class='ocrx_word' id='word_1_133' title='bbox 858 1747 925 1813; x_wconf 82' lang='lat' dir='ltr'><strong>Sed</strong></span> <span class='ocrx_word' id='word_1_134' title='bbox 948 1748 983 1812; x_wconf 90' lang='lat' dir='ltr'><strong>ni</strong></span> <span class='ocrx_word' id='word_1_135' title='bbox 1011 1747 1107 1812; x_wconf 85' lang='lat' dir='ltr'><strong>fallor</strong></span> <span class='ocrx_word' id='word_1_136' title='bbox 1130 1746 1328 1831; x_wconf 59' lang='lat' dir='ltr'><strong>virJdootus</strong></span> 
     </span>
     <span class='ocr_line' id='line_1_18' title="bbox 195 1831 1327 1915; baseline 0.001 -18"><span class='ocrx_word' id='word_1_137' title='bbox 195 1839 351 1897; x_wconf 87' lang='lat' dir='ltr'><strong>nontam</strong></span> <span class='ocrx_word' id='word_1_138' title='bbox 375 1831 511 1897; x_wconf 87' lang='lat' dir='ltr'><strong>offendit</strong></span> <span class='ocrx_word' id='word_1_139' title='bbox 538 1833 573 1897; x_wconf 92' lang='lat' dir='ltr'><strong>in</strong></span> <span class='ocrx_word' id='word_1_140' title='bbox 605 1834 729 1899; x_wconf 88' lang='lat' dir='ltr'><strong>adieeto</strong></span> <span class='ocrx_word' id='word_1_141' title='bbox 754 1833 913 1899; x_wconf 84' lang='lat' dir='ltr'><strong>voeabulo</strong></span> <span class='ocrx_word' id='word_1_142' title='bbox 937 1833 1064 1910; x_wconf 81' lang='lat' dir='ltr'><strong>„soeia“</strong></span> <span class='ocrx_word' id='word_1_143' title='bbox 1089 1852 1187 1915; x_wconf 88' lang='lat' dir='ltr'><strong>quam</strong></span> <span class='ocrx_word' id='word_1_144' title='bbox 1209 1834 1245 1896; x_wconf 95' lang='lat' dir='ltr'><strong>in</strong></span> <span class='ocrx_word' id='word_1_145' title='bbox 1267 1855 1327 1898; x_wconf 82' lang='lat' dir='ltr'><strong>vo-</strong></span> 
     </span>
     <span class='ocr_line' id='line_1_19' title="bbox 195 1917 1329 2002; baseline 0.001 -18"><span class='ocrx_word' id='word_1_146' title='bbox 195 1917 309 1984; x_wconf 89' lang='lat' dir='ltr'><strong>oabulo</strong></span> <span class='ocrx_word' id='word_1_147' title='bbox 340 1923 472 2002; x_wconf 68' lang='lat' dir='ltr'><strong>„togae‘</strong></span> <span class='ocrx_word' id='word_1_148' title='bbox 496 1941 563 2002; x_wconf 69' lang='lat' dir='ltr'><strong>,pro</strong></span> <span class='ocrx_word' id='word_1_149' title='bbox 596 1929 710 2002; x_wconf 74' lang='lat' dir='ltr'><strong>„paee‘</strong></span> <span class='ocrx_word' id='word_1_150' title='bbox 740 1921 852 2002; x_wconf 90' lang='lat' dir='ltr'><strong>posito.</strong></span> <span class='ocrx_word' id='word_1_151' title='bbox 877 1957 916 1966; x_wconf 94' lang='lat'>—</span> <span class='ocrx_word' id='word_1_152' title='bbox 940 1919 1198 1984; x_wconf 89' lang='lat' dir='ltr'><strong>Usitatissimam</strong></span> <span class='ocrx_word' id='word_1_153' title='bbox 1225 1919 1329 1985; x_wconf 85' lang='lat' dir='ltr'><strong>fuisse</strong></span> 
     </span>
     <span class='ocr_line' id='line_1_20' title="bbox 194 2004 1329 2089; baseline 0.002 -21"><span class='ocrx_word' id='word_1_154' title='bbox 194 2004 355 2069; x_wconf 87' lang='lat' dir='ltr'><strong>Romanis</strong></span> <span class='ocrx_word' id='word_1_155' title='bbox 373 2005 607 2089; x_wconf 83' lang='lat' dir='ltr'><strong>metaphoram,</strong></span> <span class='ocrx_word' id='word_1_156' title='bbox 627 2026 690 2088; x_wconf 89' lang='lat' dir='ltr'><strong>qna</strong></span> <span class='ocrx_word' id='word_1_157' title='bbox 710 2011 863 2088; x_wconf 80' lang='lat' dir='ltr'><strong>„sagum“</strong></span> <span class='ocrx_word' id='word_1_158' title='bbox 883 2005 1032 2071; x_wconf 86' lang='lat' dir='ltr'><strong>voeabuli</strong></span> <span class='ocrx_word' id='word_1_159' title='bbox 1054 2004 1167 2083; x_wconf 79' lang='lat' dir='ltr'><strong>„belli“</strong></span> <span class='ocrx_word' id='word_1_160' title='bbox 1188 2025 1329 2072; x_wconf 88' lang='lat' dir='ltr'><strong>munere</strong></span> 
     </span>
     <span class='ocr_line' id='line_1_21' title="bbox 194 2090 1329 2189; baseline 0.004 -37"><span class='ocrx_word' id='word_1_161' title='bbox 194 2090 394 2189; x_wconf 81' lang='lat' dir='ltr'><strong>fungeretur,</strong></span> <span class='ocrx_word' id='word_1_162' title='bbox 429 2092 485 2174; x_wconf 91' lang='lat' dir='ltr'><strong>qui</strong></span> <span class='ocrx_word' id='word_1_163' title='bbox 518 2090 723 2156; x_wconf 85' lang='lat' dir='ltr'><strong>mediocriter</strong></span> <span class='ocrx_word' id='word_1_164' title='bbox 755 2092 790 2155; x_wconf 90' lang='lat' dir='ltr'><strong>in</strong></span> <span class='ocrx_word' id='word_1_165' title='bbox 823 2090 970 2176; x_wconf 88' lang='lat' dir='ltr'><strong>legendis</strong></span> <span class='ocrx_word' id='word_1_166' title='bbox 1003 2091 1095 2157; x_wconf 86' lang='lat' dir='ltr'><strong>libris</strong></span> <span class='ocrx_word' id='word_1_167' title='bbox 1128 2091 1329 2174; x_wconf 88' lang='lat' dir='ltr'><strong>seriptorum</strong></span> 
     </span>
     <span class='ocr_line' id='line_1_22' title="bbox 194 2175 1328 2260; baseline 0.001 -20"><span class='ocrx_word' id='word_1_168' title='bbox 194 2175 389 2240; x_wconf 80' lang='lat' dir='ltr'><strong>Latinorum</strong></span> <span class='ocrx_word' id='word_1_169' title='bbox 403 2184 551 2242; x_wconf 85' lang='lat' dir='ltr'><strong>versatus</strong></span> <span class='ocrx_word' id='word_1_170' title='bbox 574 2179 626 2256; x_wconf 90' lang='lat' dir='ltr'><strong>sit,</strong></span> <span class='ocrx_word' id='word_1_171' title='bbox 650 2199 714 2242; x_wconf 93' lang='lat' dir='ltr'><strong>non</strong></span> <span class='ocrx_word' id='word_1_172' title='bbox 737 2178 875 2260; x_wconf 87' lang='lat' dir='ltr'><strong>ignorat.</strong></span> <span class='ocrx_word' id='word_1_173' title='bbox 907 2176 1047 2260; x_wconf 78' lang='lat' dir='ltr'><strong>Saepius</strong></span> <span class='ocrx_word' id='word_1_174' title='bbox 1060 2184 1179 2255; x_wconf 87' lang='lat' dir='ltr'><strong>autem,</strong></span> <span class='ocrx_word' id='word_1_175' title='bbox 1199 2176 1328 2259; x_wconf 86' lang='lat' dir='ltr'><strong>opinor,</strong></span> 
     </span>
     <span class='ocr_line' id='line_1_23' title="bbox 194 2260 1329 2347; baseline 0 -21"><span class='ocrx_word' id='word_1_176' title='bbox 194 2260 388 2326; x_wconf 77' lang='lat' dir='ltr'><strong>vocabulum</strong></span> <span class='ocrx_word' id='word_1_177' title='bbox 420 2271 552 2347; x_wconf 77' lang='lat' dir='ltr'><strong>„togae“</strong></span> <span class='ocrx_word' id='word_1_178' title='bbox 585 2285 642 2346; x_wconf 90' lang='lat' dir='ltr'><strong>pro</strong></span> <span class='ocrx_word' id='word_1_179' title='bbox 676 2263 802 2345; x_wconf 79' lang='lat' dir='ltr'><strong>„paois“</strong></span> <span class='ocrx_word' id='word_1_180' title='bbox 834 2285 913 2329; x_wconf 88' lang='lat' dir='ltr'><strong>voee</strong></span> <span class='ocrx_word' id='word_1_181' title='bbox 941 2263 1122 2330; x_wconf 89' lang='lat' dir='ltr'><strong>adhibitum</strong></span> <span class='ocrx_word' id='word_1_182' title='bbox 1152 2269 1211 2327; x_wconf 88' lang='lat' dir='ltr'><strong>est.</strong></span> <span class='ocrx_word' id='word_1_183' title='bbox 1257 2261 1329 2328; x_wconf 80' lang='lat' dir='ltr'><strong>Sed</strong></span> 
     </span>
     <span class='ocr_line' id='line_1_24' title="bbox 194 2347 1326 2431; baseline 0 -19"><span class='ocrx_word' id='word_1_184' title='bbox 194 2347 364 2412; x_wconf 85' lang='lat' dir='ltr'><strong>audiamus</strong></span> <span class='ocrx_word' id='word_1_185' title='bbox 397 2349 504 2431; x_wconf 88' lang='lat' dir='ltr'><strong>ipsum</strong></span> <span class='ocrx_word' id='word_1_186' title='bbox 539 2347 730 2414; x_wconf 80' lang='lat' dir='ltr'><strong>Oieeronem</strong></span> <span class='ocrx_word' id='word_1_187' title='bbox 764 2348 824 2414; x_wconf 90' lang='lat' dir='ltr'><strong>hoo</strong></span> <span class='ocrx_word' id='word_1_188' title='bbox 858 2350 897 2413; x_wconf 90' lang='lat' dir='ltr'><strong>de</strong></span> <span class='ocrx_word' id='word_1_189' title='bbox 931 2372 991 2414; x_wconf 88' lang='lat' dir='ltr'><strong>usu</strong></span> <span class='ocrx_word' id='word_1_190' title='bbox 1025 2355 1236 2415; x_wconf 87' lang='lat' dir='ltr'><strong>statuentem.</strong></span> <span class='ocrx_word' id='word_1_191' title='bbox 1284 2348 1326 2412; x_wconf 90' lang='lat' dir='ltr'><strong>In</strong></span> 
     </span>
     <span class='ocr_line' id='line_1_25' title="bbox 194 2432 1328 2516; baseline -0.001 -18"><span class='ocrx_word' id='word_1_192' title='bbox 194 2434 338 2498; x_wconf 88' lang='lat' dir='ltr'><strong>oratione</strong></span> <span class='ocrx_word' id='word_1_193' title='bbox 366 2433 401 2497; x_wconf 90' lang='lat' dir='ltr'><strong>in</strong></span> <span class='ocrx_word' id='word_1_194' title='bbox 425 2434 492 2498; x_wconf 90' lang='lat' dir='ltr'><strong>Pis.</strong></span> <span class='ocrx_word' id='word_1_195' title='bbox 516 2455 584 2516; x_wconf 82' lang='lat' dir='ltr'><strong>cap.</strong></span> <span class='ocrx_word' id='word_1_196' title='bbox 608 2433 723 2499; x_wconf 86' lang='lat' dir='ltr'>XXX.</span> <span class='ocrx_word' id='word_1_197' title='bbox 749 2437 788 2496; x_wconf 79' lang='lat'><strong>73</strong></span> <span class='ocrx_word' id='word_1_198' title='bbox 817 2434 914 2501; x_wconf 87' lang='lat' dir='ltr'><strong>haee:</strong></span> <span class='ocrx_word' id='word_1_199' title='bbox 951 2435 1096 2511; x_wconf 87' lang='lat' dir='ltr'><strong>„Verum</strong></span> <span class='ocrx_word' id='word_1_200' title='bbox 1124 2444 1244 2511; x_wconf 88' lang='lat' dir='ltr'><strong>tamen,</strong></span> <span class='ocrx_word' id='word_1_201' title='bbox 1272 2432 1328 2498; x_wconf 92' lang='lat' dir='ltr'><strong>in·</strong></span> 
     </span>
     <span class='ocr_line' id='line_1_26' title="bbox 194 2518 1327 2603; baseline 0.002 -21"><span class='ocrx_word' id='word_1_202' title='bbox 194 2519 273 2602; x_wconf 89' lang='lat' dir='ltr'><strong>quit,</strong></span> <span class='ocrx_word' id='word_1_203' title='bbox 297 2518 450 2601; x_wconf 88' lang='lat' dir='ltr'><strong>qnoniam</strong></span> <span class='ocrx_word' id='word_1_204' title='bbox 474 2527 505 2585; x_wconf 89' lang='lat' dir='ltr'><strong>te</strong></span> <span class='ocrx_word' id='word_1_205' title='bbox 529 2541 595 2584; x_wconf 92' lang='lat' dir='ltr'><strong>non</strong></span> <span class='ocrx_word' id='word_1_206' title='bbox 619 2520 849 2587; x_wconf 86' lang='lat' dir='ltr'><strong>Aristarohum</strong></span> <span class='ocrx_word' id='word_1_207' title='bbox 872 2520 929 2587; x_wconf 87' lang='lat' dir='ltr'><strong>sod</strong></span> <span class='ocrx_word' id='word_1_208' title='bbox 951 2521 1111 2586; x_wconf 89' lang='lat' dir='ltr'><strong>Phalarin</strong></span> <span class='ocrx_word' id='word_1_209' title='bbox 1134 2520 1327 2603; x_wconf 89' lang='lat' dir='ltr'><strong>grammati·</strong></span> 
     </span>
     <span class='ocr_line' id='line_1_27' title="bbox 194 2603 1327 2689; baseline 0.003 -20"><span class='ocrx_word' id='word_1_210' title='bbox 194 2625 268 2669; x_wconf 88' lang='lat' dir='ltr'><strong>oum</strong></span> <span class='ocrx_word' id='word_1_211' title='bbox 298 2603 456 2670; x_wconf 87' lang='lat' dir='ltr'><strong>habemus</strong></span> <span class='ocrx_word' id='word_1_212' title='bbox 478 2642 518 2648; x_wconf 82' lang='lat'><em>—</em></span> <span class='ocrx_word' id='word_1_213' title='bbox 548 2607 631 2670; x_wconf 88' lang='lat' dir='ltr'><strong>seire</strong></span> <span class='ocrx_word' id='word_1_214' title='bbox 661 2607 769 2689; x_wconf 75' lang='lat' dir='ltr'><strong>cupio,</strong></span> <span class='ocrx_word' id='word_1_215' title='bbox 799 2606 876 2689; x_wconf 87' lang='lat' dir='ltr'><strong>quid</strong></span> <span class='ocrx_word' id='word_1_216' title='bbox 906 2607 1038 2670; x_wconf 89' lang='lat' dir='ltr'><strong>tandem</strong></span> <span class='ocrx_word' id='word_1_217' title='bbox 1068 2606 1101 2670; x_wconf 93' lang='lat' dir='ltr'><strong>in</strong></span> <span class='ocrx_word' id='word_1_218' title='bbox 1131 2607 1194 2670; x_wconf 89' lang='lat' dir='ltr'><strong>isto</strong></span> <span class='ocrx_word' id='word_1_219' title='bbox 1226 2627 1327 2672; x_wconf 88' lang='lat' dir='ltr'><strong>versu</strong></span> 
     </span>
     <span class='ocr_line' id='line_1_28' title="bbox 194 2689 1326 2775; baseline 0.001 -20"><span class='ocrx_word' id='word_1_220' title='bbox 194 2689 416 2774; x_wconf 89' lang='lat' dir='ltr'><strong>reprehendas</strong></span> <span class='ocrx_word' id='word_1_221' title='bbox 447 2691 588 2768; x_wconf 81' lang='lat' dir='ltr'><strong>„aedunt</strong></span> <span class='ocrx_word' id='word_1_222' title='bbox 617 2712 708 2756; x_wconf 85' lang='lat' dir='ltr'><strong>arma</strong></span> <span class='ocrx_word' id='word_1_223' title='bbox 737 2699 849 2775; x_wconf 84' lang='lat' dir='ltr'><strong>togae“</strong></span> <span class='ocrx_word' id='word_1_224' title='bbox 882 2727 921 2736; x_wconf 88' lang='lat'><strong>·-</strong></span> <span class='ocrx_word' id='word_1_225' title='bbox 955 2693 1062 2766; x_wconf 74' lang='lat' dir='ltr'><strong>„Tuae</strong></span> <span class='ocrx_word' id='word_1_226' title='bbox 1086 2691 1182 2770; x_wconf 88' lang='lat' dir='ltr'><strong>dieis,</strong></span> <span class='ocrx_word' id='word_1_227' title='bbox 1206 2691 1326 2773; x_wconf 88' lang='lat' dir='ltr'><strong>inquit,</strong></span> 
     </span>
     <span class='ocr_line' id='line_1_29' title="bbox 195 2775 1327 2861; baseline 0.003 -20"><span class='ocrx_word' id='word_1_228' title='bbox 195 2784 307 2861; x_wconf 86' lang='lat' dir='ltr'><strong>„togae</strong></span> <span class='ocrx_word' id='word_1_229' title='bbox 336 2796 501 2840; x_wconf 89' lang='lat' dir='ltr'><strong>summum</strong></span> <span class='ocrx_word' id='word_1_230' title='bbox 523 2777 752 2860; x_wconf 84' lang='lat' dir='ltr'><strong>imperatorem</strong></span> <span class='ocrx_word' id='word_1_231' title='bbox 769 2798 853 2841; x_wconf 76' lang='lat' dir='ltr'><strong>esse</strong></span> <span class='ocrx_word' id='word_1_232' title='bbox 880 2784 1076 2841; x_wconf 83' lang='lat' dir='ltr'><strong>cessurum.“</strong></span> <span class='ocrx_word' id='word_1_233' title='bbox 1124 2775 1214 2856; x_wconf 77' lang='lat' dir='ltr'><strong>Quid</strong></span> <span class='ocrx_word' id='word_1_234' title='bbox 1236 2798 1327 2844; x_wconf 89' lang='lat' dir='ltr'><strong>nune</strong></span> 
     </span>
     <span class='ocr_line' id='line_1_30' title="bbox 194 2861 1325 2945; baseline 0.003 -20"><span class='ocrx_word' id='word_1_235' title='bbox 194 2869 235 2938; x_wconf 84' lang='lat' dir='ltr'><strong>te,</strong></span> <span class='ocrx_word' id='word_1_236' title='bbox 259 2864 358 2941; x_wconf 90' lang='lat' dir='ltr'><strong>asine,</strong></span> <span class='ocrx_word' id='word_1_237' title='bbox 381 2862 507 2926; x_wconf 88' lang='lat' dir='ltr'><strong>litteras</strong></span> <span class='ocrx_word' id='word_1_238' title='bbox 526 2863 680 2928; x_wconf 86' lang='lat' dir='ltr'><strong>doeeam?</strong></span> <span class='ocrx_word' id='word_1_239' title='bbox 705 2884 770 2927; x_wconf 91' lang='lat' dir='ltr'><strong>non</strong></span> <span class='ocrx_word' id='word_1_240' title='bbox 790 2883 872 2945; x_wconf 88' lang='lat' dir='ltr'><strong>opus</strong></span> <span class='ocrx_word' id='word_1_241' title='bbox 891 2867 941 2926; x_wconf 91' lang='lat' dir='ltr'><strong>est</strong></span> <span class='ocrx_word' id='word_1_242' title='bbox 959 2862 1075 2941; x_wconf 82' lang='lat' dir='ltr'><strong>verbis,</strong></span> <span class='ocrx_word' id='word_1_243' title='bbox 1096 2861 1152 2926; x_wconf 89' lang='lat' dir='ltr'><strong>sed</strong></span> <span class='ocrx_word' id='word_1_244' title='bbox 1171 2861 1325 2928; x_wconf 85' lang='lat' dir='ltr'><strong>fustibus.</strong></span> 
     </span>
     <span class='ocr_line' id='line_1_31' title="bbox 193 2946 1324 3033; baseline 0.001 -22"><span class='ocrx_word' id='word_1_245' title='bbox 193 2946 269 3012; x_wconf 90' lang='lat' dir='ltr'><strong>Non</strong></span> <span class='ocrx_word' id='word_1_246' title='bbox 292 2947 362 3011; x_wconf 86' lang='lat' dir='ltr'><strong>dixi</strong></span> <span class='ocrx_word' id='word_1_247' title='bbox 383 2948 469 3012; x_wconf 88' lang='lat' dir='ltr'><strong>hano</strong></span> <span class='ocrx_word' id='word_1_248' title='bbox 491 2959 610 3033; x_wconf 89' lang='lat' dir='ltr'><strong>togam,</strong></span> <span class='ocrx_word' id='word_1_249' title='bbox 641 2969 704 3031; x_wconf 87' lang='lat' dir='ltr'><strong>qua</strong></span> <span class='ocrx_word' id='word_1_250' title='bbox 726 2971 798 3013; x_wconf 88' lang='lat' dir='ltr'><strong>sum</strong></span> <span class='ocrx_word' id='word_1_251' title='bbox 821 2948 968 3026; x_wconf 88' lang='lat' dir='ltr'><strong>amiotus,</strong></span> <span class='ocrx_word' id='word_1_252' title='bbox 997 2969 1056 3013; x_wconf 90' lang='lat' dir='ltr'><strong>neo</strong></span> <span class='ocrx_word' id='word_1_253' title='bbox 1079 2967 1171 3012; x_wconf 88' lang='lat' dir='ltr'><strong>arma</strong></span> <span class='ocrx_word' id='word_1_254' title='bbox 1193 2954 1324 3013; x_wconf 82' lang='lat' dir='ltr'><strong>sautum</strong></span> 
     </span>
     <span class='ocr_line' id='line_1_32' title="bbox 193 3032 1326 3118; baseline 0.002 -20"><span class='ocrx_word' id='word_1_255' title='bbox 193 3040 251 3098; x_wconf 85' lang='lat' dir='ltr'><strong>aut</strong></span> <span class='ocrx_word' id='word_1_256' title='bbox 273 3033 418 3116; x_wconf 86' lang='lat' dir='ltr'><strong>gladium</strong></span> <span class='ocrx_word' id='word_1_257' title='bbox 441 3035 539 3100; x_wconf 89' lang='lat' dir='ltr'><strong>unius</strong></span> <span class='ocrx_word' id='word_1_258' title='bbox 568 3036 788 3116; x_wconf 86' lang='lat' dir='ltr'><strong>imperatoris,</strong></span> <span class='ocrx_word' id='word_1_259' title='bbox 819 3033 875 3100; x_wconf 90' lang='lat' dir='ltr'><strong>sed</strong></span> <span class='ocrx_word' id='word_1_260' title='bbox 905 3035 981 3116; x_wconf 91' lang='lat' dir='ltr'><strong>quia</strong></span> <span class='ocrx_word' id='word_1_261' title='bbox 1008 3035 1096 3116; x_wconf 90' lang='lat' dir='ltr'><strong>paeis</strong></span> <span class='ocrx_word' id='word_1_262' title='bbox 1118 3042 1168 3098; x_wconf 90' lang='lat' dir='ltr'><strong>est</strong></span> <span class='ocrx_word' id='word_1_263' title='bbox 1195 3032 1326 3118; x_wconf 84' lang='lat' dir='ltr'><strong>insigne</strong></span> 
     </span>
     <span class='ocr_line' id='line_1_33' title="bbox 194 3118 1324 3203; baseline 0 -19"><span class='ocrx_word' id='word_1_264' title='bbox 194 3128 227 3184; x_wconf 89' lang='lat' dir='ltr'><strong>et</strong></span> <span class='ocrx_word' id='word_1_265' title='bbox 248 3119 304 3183; x_wconf 88' lang='lat' dir='ltr'><strong>otii</strong></span> <span class='ocrx_word' id='word_1_266' title='bbox 329 3126 414 3202; x_wconf 89' lang='lat' dir='ltr'><strong>toga,</strong></span> <span class='ocrx_word' id='word_1_267' title='bbox 439 3128 552 3186; x_wconf 89' lang='lat' dir='ltr'><strong>eontra</strong></span> <span class='ocrx_word' id='word_1_268' title='bbox 570 3129 679 3185; x_wconf 90' lang='lat' dir='ltr'><strong>autem</strong></span> <span class='ocrx_word' id='word_1_269' title='bbox 699 3143 790 3186; x_wconf 87' lang='lat' dir='ltr'><strong>arma</strong></span> <span class='ocrx_word' id='word_1_270' title='bbox 810 3120 971 3185; x_wconf 90' lang='lat' dir='ltr'><strong>tumultus</strong></span> <span class='ocrx_word' id='word_1_271' title='bbox 989 3128 1085 3203; x_wconf 87' lang='lat' dir='ltr'><strong>atque</strong></span> <span class='ocrx_word' id='word_1_272' title='bbox 1103 3118 1190 3198; x_wconf 85' lang='lat' dir='ltr'><strong>belli,</strong></span> <span class='ocrx_word' id='word_1_273' title='bbox 1211 3127 1324 3201; x_wconf 83' lang='lat' dir='ltr'><strong>poeta-</strong></span> 
     </span>
     <span class='ocr_line' id='line_1_34' title="bbox 193 3203 1324 3290; baseline 0 -20"><span class='ocrx_word' id='word_1_274' title='bbox 193 3227 266 3270; x_wconf 92' lang='lat' dir='ltr'><strong>rum</strong></span> <span class='ocrx_word' id='word_1_275' title='bbox 286 3226 377 3270; x_wconf 92' lang='lat' dir='ltr'><strong>more</strong></span> <span class='ocrx_word' id='word_1_276' title='bbox 404 3205 533 3272; x_wconf 87' lang='lat' dir='ltr'><strong>loeutus</strong></span> <span class='ocrx_word' id='word_1_277' title='bbox 557 3206 617 3272; x_wconf 90' lang='lat' dir='ltr'><strong>hoe</strong></span> <span class='ocrx_word' id='word_1_278' title='bbox 646 3206 784 3290; x_wconf 86' lang='lat' dir='ltr'><strong>intelligi</strong></span> <span class='ocrx_word' id='word_1_279' title='bbox 813 3206 911 3284; x_wconf 88' lang='lat' dir='ltr'><strong>volui,</strong></span> <span class='ocrx_word' id='word_1_280' title='bbox 938 3204 1059 3270; x_wconf 91' lang='lat' dir='ltr'><strong>bellum</strong></span> <span class='ocrx_word' id='word_1_281' title='bbox 1083 3225 1120 3269; x_wconf 85' lang='lat' dir='ltr'><strong>ae</strong></span> <span class='ocrx_word' id='word_1_282' title='bbox 1143 3203 1324 3270; x_wconf 88' lang='lat' dir='ltr'><strong>tumultum</strong></span> 
     </span>
     <span class='ocr_line' id='line_1_35' title="bbox 127 3293 749 3375; baseline -0.003 -19"><span class='ocrx_word' id='word_1_283' title='bbox 127 3338 128 3341; x_wconf 63' lang='lat'>,</span> <span class='ocrx_word' id='word_1_284' title='bbox 192 3293 264 3375; x_wconf 90' lang='lat' dir='ltr'><strong>paoi</strong></span> <span class='ocrx_word' id='word_1_285' title='bbox 286 3298 384 3374; x_wconf 90' lang='lat' dir='ltr'><strong>atque</strong></span> <span class='ocrx_word' id='word_1_286' title='bbox 405 3293 469 3356; x_wconf 87' lang='lat' dir='ltr'><strong>otio</strong></span> <span class='ocrx_word' id='word_1_287' title='bbox 490 3300 749 3357; x_wconf 83' lang='lat' dir='ltr'><strong>oonoessnrum.“</strong></span> 
     </span>
    </p>

    <p class='ocr_par' dir='ltr' id='par_1_4' title="bbox 193 3374 1326 3717">
     <span class='ocr_line' id='line_1_36' title="bbox 278 3374 1326 3460; baseline 0 -19"><span class='ocrx_word' id='word_1_288' title='bbox 278 3376 341 3442; x_wconf 92' lang='lat' dir='ltr'><strong>His</strong></span> <span class='ocrx_word' id='word_1_289' title='bbox 365 3378 462 3441; x_wconf 86' lang='lat' dir='ltr'><strong>etiam</strong></span> <span class='ocrx_word' id='word_1_290' title='bbox 493 3378 578 3454; x_wconf 87' lang='lat' dir='ltr'><strong>huie,</strong></span> <span class='ocrx_word' id='word_1_291' title='bbox 607 3376 646 3442; x_wconf 87' lang='lat' dir='ltr'><strong>de</strong></span> <span class='ocrx_word' id='word_1_292' title='bbox 677 3398 740 3460; x_wconf 91' lang='lat' dir='ltr'><strong>quo</strong></span> <span class='ocrx_word' id='word_1_293' title='bbox 769 3377 910 3460; x_wconf 86' lang='lat' dir='ltr'><strong>agimus,</strong></span> <span class='ocrx_word' id='word_1_294' title='bbox 941 3377 1010 3441; x_wconf 89' lang='lat' dir='ltr'><strong>loeo</strong></span> <span class='ocrx_word' id='word_1_295' title='bbox 1033 3374 1148 3441; x_wconf 80' lang='lat' dir='ltr'><strong>Oioero</strong></span> <span class='ocrx_word' id='word_1_296' title='bbox 1177 3375 1247 3457; x_wconf 91' lang='lat' dir='ltr'><strong>ipse</strong></span> <span class='ocrx_word' id='word_1_297' title='bbox 1275 3375 1326 3441; x_wconf 90' lang='lat' dir='ltr'><strong>ita</strong></span> 
     </span>
     <span class='ocr_line' id='line_1_37' title="bbox 193 3461 1322 3544; baseline 0.001 -18"><span class='ocrx_word' id='word_1_298' title='bbox 193 3462 275 3526; x_wconf 94' lang='lat' dir='ltr'><strong>mihi</strong></span> <span class='ocrx_word' id='word_1_299' title='bbox 301 3463 498 3544; x_wconf 85' lang='lat' dir='ltr'><strong>patroeinari</strong></span> <span class='ocrx_word' id='word_1_300' title='bbox 528 3462 665 3541; x_wconf 89' lang='lat' dir='ltr'><strong>videtur,</strong></span> <span class='ocrx_word' id='word_1_301' title='bbox 701 3471 737 3527; x_wconf 91' lang='lat' dir='ltr'><strong>ut</strong></span> <span class='ocrx_word' id='word_1_302' title='bbox 763 3471 876 3528; x_wconf 88' lang='lat' dir='ltr'><strong>nostra</strong></span> <span class='ocrx_word' id='word_1_303' title='bbox 903 3483 970 3526; x_wconf 91' lang='lat' dir='ltr'><strong>non</strong></span> <span class='ocrx_word' id='word_1_304' title='bbox 999 3469 1093 3544; x_wconf 87' lang='lat' dir='ltr'><strong>egeat</strong></span> <span class='ocrx_word' id='word_1_305' title='bbox 1121 3461 1322 3542; x_wconf 84' lang='lat' dir='ltr'><strong>defensione,</strong></span> 
     </span>
     <span class='ocr_line' id='line_1_38' title="bbox 193 3547 1324 3631; baseline 0.002 -19"><span class='ocrx_word' id='word_1_306' title='bbox 193 3549 386 3630; x_wconf 87' lang='lat' dir='ltr'><strong>praesertim</strong></span> <span class='ocrx_word' id='word_1_307' title='bbox 408 3571 481 3614; x_wconf 90' lang='lat' dir='ltr'><strong>oum</strong></span> <span class='ocrx_word' id='word_1_308' title='bbox 506 3549 616 3612; x_wconf 89' lang='lat' dir='ltr'><strong>omnia</strong></span> <span class='ocrx_word' id='word_1_309' title='bbox 639 3556 714 3631; x_wconf 87' lang='lat' dir='ltr'><strong>apte</strong></span> <span class='ocrx_word' id='word_1_310' title='bbox 733 3556 1011 3631; x_wconf 83' lang='lat' dir='ltr'><strong>eongruenterquo</strong></span> <span class='ocrx_word' id='word_1_311' title='bbox 1030 3547 1118 3612; x_wconf 88' lang='lat' dir='ltr'><strong>diota</strong></span> <span class='ocrx_word' id='word_1_312' title='bbox 1134 3555 1168 3613; x_wconf 90' lang='lat' dir='ltr'><strong>et</strong></span> <span class='ocrx_word' id='word_1_313' title='bbox 1189 3547 1324 3630; x_wconf 83' lang='lat' dir='ltr'><strong>singula</strong></span> 
     </span>
     <span class='ocr_line' id='line_1_39' title="bbox 193 3633 713 3717; baseline 0.002 -20"><span class='ocrx_word' id='word_1_314' title='bbox 193 3633 361 3717; x_wconf 87' lang='lat' dir='ltr'><strong>eleganter</strong></span> <span class='ocrx_word' id='word_1_315' title='bbox 384 3635 445 3698; x_wconf 92' lang='lat' dir='ltr'><strong>sibi</strong></span> <span class='ocrx_word' id='word_1_316' title='bbox 468 3635 616 3716; x_wconf 88' lang='lat' dir='ltr'><strong>opposita</strong></span> <span class='ocrx_word' id='word_1_317' title='bbox 639 3636 713 3699; x_wconf 88' lang='lat' dir='ltr'><strong>sint.</strong></span> 
     </span>
    </p>

    <p class='ocr_par' dir='ltr' id='par_1_5' title="bbox 279 3717 1320 3802">
     <span class='ocr_line' id='line_1_40' title="bbox 279 3717 1320 3802; baseline 0.001 -20"><span class='ocrx_word' id='word_1_318' title='bbox 279 3719 319 3783; x_wconf 88' lang='lat' dir='ltr'><strong>In</strong></span> <span class='ocrx_word' id='word_1_319' title='bbox 343 3719 454 3784; x_wconf 89' lang='lat' dir='ltr'><strong>eadem</strong></span> <span class='ocrx_word' id='word_1_320' title='bbox 478 3723 500 3802; x_wconf 71' lang='grc' dir='ltr'><strong>ξ.</strong></span> <span class='ocrx_word' id='word_1_321' title='bbox 525 3719 671 3785; x_wconf 89' lang='lat' dir='ltr'><strong>Wolfius</strong></span> <span class='ocrx_word' id='word_1_322' title='bbox 699 3720 890 3802; x_wconf 84' lang='lat' dir='ltr'><strong>perstringit</strong></span> <span class='ocrx_word' id='word_1_323' title='bbox 919 3718 1112 3784; x_wconf 88' lang='lat' dir='ltr'><strong>voeabulum</strong></span> <span class='ocrx_word' id='word_1_324' title='bbox 1138 3717 1320 3792; x_wconf 77' lang='lat' dir='ltr'><strong>„hominis‘⁴</strong></span> 
     </span>
    </p>
   </div>
   <div class='ocr_carea' id='block_1_3' title="bbox 193 3801 1325 4313">
    <p class='ocr_par' dir='ltr' id='par_1_6' title="bbox 193 3801 1325 4313">
     <span class='ocr_line' id='line_1_41' title="bbox 193 3801 1322 3889; baseline -0.002 -21"><span class='ocrx_word' id='word_1_325' title='bbox 193 3811 259 3868; x_wconf 90' lang='lat' dir='ltr'><strong>tam</strong></span> <span class='ocrx_word' id='word_1_326' title='bbox 284 3805 369 3869; x_wconf 90' lang='lat' dir='ltr'><strong>nude</strong></span> <span class='ocrx_word' id='word_1_327' title='bbox 390 3805 530 3887; x_wconf 89' lang='lat' dir='ltr'><strong>positum</strong></span> <span class='ocrx_word' id='word_1_328' title='bbox 555 3827 613 3889; x_wconf 91' lang='lat' dir='ltr'><strong>pro</strong></span> <span class='ocrx_word' id='word_1_329' title='bbox 636 3806 807 3887; x_wconf 90' lang='lat' dir='ltr'><strong>Pompeio,</strong></span> <span class='ocrx_word' id='word_1_330' title='bbox 839 3827 875 3870; x_wconf 85' lang='lat' dir='ltr'><strong>ae</strong></span> <span class='ocrx_word' id='word_1_331' title='bbox 897 3826 956 3868; x_wconf 91' lang='lat' dir='ltr'><strong>nos</strong></span> <span class='ocrx_word' id='word_1_332' title='bbox 978 3803 1138 3886; x_wconf 78' lang='lat' dir='ltr'><strong>inspicere</strong></span> <span class='ocrx_word' id='word_1_333' title='bbox 1160 3801 1322 3882; x_wconf 80' lang='lat' dir='ltr'><strong>iubatae,</strong></span> 
     </span>
     <span class='ocr_line' id='line_1_42' title="bbox 193 3887 1321 3973; baseline -0.001 -19"><span class='ocrx_word' id='word_1_334' title='bbox 193 3911 276 3973; x_wconf 87' lang='lat' dir='ltr'><strong>quae</strong></span> <span class='ocrx_word' id='word_1_335' title='bbox 298 3889 466 3954; x_wconf 85' lang='lat' dir='ltr'><strong>adnotavit</strong></span> <span class='ocrx_word' id='word_1_336' title='bbox 489 3889 530 3955; x_wconf 89' lang='lat' dir='ltr'><strong>ad</strong></span> <span class='ocrx_word' id='word_1_337' title='bbox 559 3900 637 3954; x_wconf 90' lang='lat' dir='ltr'><strong>orat.</strong></span> <span class='ocrx_word' id='word_1_338' title='bbox 661 3901 733 3972; x_wconf 88' lang='lat' dir='ltr'><strong>post</strong></span> <span class='ocrx_word' id='word_1_339' title='bbox 756 3890 821 3954; x_wconf 82' lang='lat' dir='ltr'><strong>red.</strong></span> <span class='ocrx_word' id='word_1_340' title='bbox 845 3891 879 3953; x_wconf 91' lang='lat' dir='ltr'><strong>in</strong></span> <span class='ocrx_word' id='word_1_341' title='bbox 903 3889 978 3955; x_wconf 83' lang='lat' dir='ltr'><strong>Sen.</strong></span> <span class='ocrx_word' id='word_1_342' title='bbox 1003 3909 1071 3971; x_wconf 77' lang='lat' dir='ltr'><strong>rap.</strong></span> <span class='ocrx_word' id='word_1_343' title='bbox 1096 3892 1125 3963; x_wconf 84' lang='lat'><strong>9,</strong></span> <span class='ocrx_word' id='word_1_344' title='bbox 1148 3887 1204 3952; x_wconf 92' lang='lat' dir='ltr'><strong>ubi</strong></span> <span class='ocrx_word' id='word_1_345' title='bbox 1227 3887 1321 3953; x_wconf 89' lang='lat' dir='ltr'><strong>dioit:</strong></span> 
     </span>
     <span class='ocr_line' id='line_1_43' title="bbox 196 3972 1325 4059; baseline -0.002 -20"><span class='ocrx_word' id='word_1_346' title='bbox 196 3976 242 4053; x_wconf 88' lang='lat' dir='ltr'><strong>„si</strong></span> <span class='ocrx_word' id='word_1_347' title='bbox 266 3977 337 4059; x_wconf 90' lang='lat' dir='ltr'><strong>quis</strong></span> <span class='ocrx_word' id='word_1_348' title='bbox 366 3975 534 4040; x_wconf 88' lang='lat' dir='ltr'><strong>ornandus</strong></span> <span class='ocrx_word' id='word_1_349' title='bbox 564 3985 621 4055; x_wconf 90' lang='lat' dir='ltr'><strong>est,</strong></span> <span class='ocrx_word' id='word_1_350' title='bbox 653 3997 718 4039; x_wconf 93' lang='lat' dir='ltr'><strong>non</strong></span> <span class='ocrx_word' id='word_1_351' title='bbox 748 3976 818 4040; x_wconf 89' lang='lat' dir='ltr'><strong>sine</strong></span> <span class='ocrx_word' id='word_1_352' title='bbox 847 3973 1025 4039; x_wconf 77' lang='lat' dir='ltr'><strong>adiectione</strong></span> <span class='ocrx_word' id='word_1_353' title='bbox 1048 3972 1187 4056; x_wconf 85' lang='lat' dir='ltr'><strong>quadam</strong></span> <span class='ocrx_word' id='word_1_354' title='bbox 1217 3973 1325 4037; x_wconf 80' lang='lat' dir='ltr'><strong>homi·</strong></span> 
     </span>
     <span class='ocr_line' id='line_1_44' title="bbox 194 4059 1322 4144; baseline 0.001 -21"><span class='ocrx_word' id='word_1_355' title='bbox 194 4082 280 4136; x_wconf 88' lang='lat' dir='ltr'><strong>nem,</strong></span> <span class='ocrx_word' id='word_1_356' title='bbox 303 4061 360 4125; x_wconf 88' lang='lat' dir='ltr'><strong>sed</strong></span> <span class='ocrx_word' id='word_1_357' title='bbox 383 4062 491 4144; x_wconf 87' lang='lat' dir='ltr'><strong>potins</strong></span> <span class='ocrx_word' id='word_1_358' title='bbox 506 4063 649 4135; x_wconf 75' lang='lat' dir='ltr'><strong>„virum“</strong></span> <span class='ocrx_word' id='word_1_359' title='bbox 666 4062 779 4126; x_wconf 88' lang='lat' dir='ltr'><strong>Latini</strong></span> <span class='ocrx_word' id='word_1_360' title='bbox 791 4059 932 4125; x_wconf 78' lang='lat' dir='ltr'><strong>dieunt.“</strong></span> <span class='ocrx_word' id='word_1_361' title='bbox 971 4060 1044 4123; x_wconf 91' lang='lat' dir='ltr'><strong>Non</strong></span> <span class='ocrx_word' id='word_1_362' title='bbox 1057 4079 1220 4141; x_wconf 85' lang='lat' dir='ltr'><strong>assequor,</strong></span> <span class='ocrx_word' id='word_1_363' title='bbox 1238 4079 1322 4140; x_wconf 82' lang='lat' dir='ltr'><strong>quae</strong></span> 
     </span>
     <span class='ocr_line' id='line_1_45' title="bbox 195 4143 1322 4228; baseline 0 -20"><span class='ocrx_word' id='word_1_364' title='bbox 195 4147 236 4209; x_wconf 90' lang='lat' dir='ltr'><strong>sit</strong></span> <span class='ocrx_word' id='word_1_365' title='bbox 265 4146 296 4209; x_wconf 89' lang='lat' dir='ltr'><strong>h.</strong></span> <span class='ocrx_word' id='word_1_366' title='bbox 319 4148 339 4210; x_wconf 91' lang='lat' dir='ltr'><strong>l.</strong></span> <span class='ocrx_word' id='word_1_367' title='bbox 363 4147 476 4212; x_wconf 91' lang='lat' dir='ltr'><strong>Wolfii</strong></span> <span class='ocrx_word' id='word_1_368' title='bbox 509 4145 720 4228; x_wconf 80' lang='lat' dir='ltr'><strong>percensendi</strong></span> <span class='ocrx_word' id='word_1_369' title='bbox 754 4145 924 4212; x_wconf 88' lang='lat' dir='ltr'><strong>subtilitas.</strong></span> <span class='ocrx_word' id='word_1_370' title='bbox 971 4145 1084 4210; x_wconf 82' lang='lat' dir='ltr'><strong>Oieero</strong></span> <span class='ocrx_word' id='word_1_371' title='bbox 1118 4144 1207 4207; x_wconf 90' lang='lat' dir='ltr'><strong>enim</strong></span> <span class='ocrx_word' id='word_1_372' title='bbox 1241 4143 1322 4208; x_wconf 88' lang='lat' dir='ltr'><strong>adeo</strong></span> 
     </span>
     <span class='ocr_line' id='line_1_46' title="bbox 195 4230 1320 4313; baseline 0.001 -19"><span class='ocrx_word' id='word_1_373' title='bbox 195 4253 261 4295; x_wconf 91' lang='lat' dir='ltr'><strong>non</strong></span> <span class='ocrx_word' id='word_1_374' title='bbox 292 4234 396 4313; x_wconf 87' lang='lat' dir='ltr'><strong>potnit</strong></span> <span class='ocrx_word' id='word_1_375' title='bbox 425 4255 483 4298; x_wconf 87' lang='lat' dir='ltr'><strong>nee</strong></span> <span class='ocrx_word' id='word_1_376' title='bbox 514 4232 618 4297; x_wconf 88' lang='lat' dir='ltr'><strong>voluit</strong></span> <span class='ocrx_word' id='word_1_377' title='bbox 650 4234 683 4296; x_wconf 90' lang='lat' dir='ltr'><strong>iu</strong></span> <span class='ocrx_word' id='word_1_378' title='bbox 712 4233 788 4298; x_wconf 78' lang='lat' dir='ltr'><strong>hae·</strong></span> <span class='ocrx_word' id='word_1_379' title='bbox 806 4233 951 4296; x_wconf 86' lang='lat' dir='ltr'><strong>oratione</strong></span> <span class='ocrx_word' id='word_1_380' title='bbox 975 4230 1163 4313; x_wconf 86' lang='lat' dir='ltr'><strong>Pompeium</strong></span> <span class='ocrx_word' id='word_1_381' title='bbox 1192 4249 1320 4310; x_wconf 87' lang='lat' dir='ltr'><strong>ornare,</strong></span> 
     </span>
    </p>
   </div>
   <div class='ocr_carea' id='block_1_4' title="bbox 0 0 1414 4822">
    <p class='ocr_par' dir='ltr' id='par_1_7' title="bbox 0 0 1414 4822">
     <span class='ocr_line' id='line_1_47' title="bbox 0 0 1414 4822; baseline 0 1"><span class='ocrx_word' id='word_1_382' title='bbox 0 0 1414 4822; x_wconf 95' lang='lat' dir='ltr'><strong> </strong></span> 
     </span>
    </p>
   </div>
  </div>
 </body>
</html>
