2820 4822
623 302 791 366 *lo-a

138 471 296 550 Marcello
315 472 551 554 „simillimum
581 472 640 537 deo
668 473 796 539 iudico‘⁴
818 494 849 556 p.
868 474 970 539 Mare.
993 472 1058 549 ΙΙΙ,
1091 476 1119 550 8,
1150 477 1183 535 et
1211 471 1267 536 lib.

138 558 273 631 XXIII.
296 581 328 643 p.
356 563 445 624 1125.
492 559 655 635 „Tantum
678 560 755 624 abes
783 581 802 624 a
830 559 1027 643 perfectione
1048 558 1270 622 maximorum

139 665 291 726 operum,
309 653 347 710 ut
365 643 592 722 fundamenta
611 665 693 725 quae
712 647 842 728 cogitas,
866 645 1012 710 nondum
1030 643 1165 710 ioceris“
1190 665 1221 708 v.
1236 665 1269 724 p.

140 731 241 796 Marc.
266 730 565 795 anaemaris.
590 731 632 796 V.
655 752 685 812 p.
711 735 772 794 661
780 753 787 796 :
812 732 876 807 „Ut
898 731 927 794 si
953 731 987 794 in
1011 729 1171 795 alterutro
1193 751 1268 812 pee-

139 815 279 882 candum
314 817 366 892 sit,
397 815 509 879 malim
538 815 814 898 timidus.‘quam
842 838 957 898 parum
987 815 1132 900 prudens
1162 815 1268 880 videri

139 925 169 967 v.
192 922 223 984 p.
237 902 395 967 Marcello
407 901 488 966 VII.
510 906 582 965 21.“
611 937 643 946 —
670 902 785 985 Itaque
807 925 882 968 cum
905 923 970 966 non
994 903 1090 967 affert
1106 922 1270 984 gramma—

138 989 223 1053 ticus
245 988 315 1052 eius
338 1008 469 1065 nomen,
492 1009 512 1051 a
533 1009 597 1068 quo
615 988 718 1053 oratio
740 989 797 1053 illa
818 988 996 1070 composita
1018 988 1070 1065 sit,
1084 987 1267 1069 docetque·

139 1071 320 1152 dammodo,
343 1094 420 1139 eam·
438 1074 517 1138 satis
540 1074 640 1138 fuisse
663 1084 775 1140 notam
792 1073 987 1157 'aequalibus
1009 1082 1046 1138 ut
1067 1072 1266 1138 Tullianam.

137 1161 188 1225 Ae
223 1159 376 1241 profecto,
411 1159 440 1224 si
473 1159 524 1225 cui
557 1159 640 1224 forte
674 1161 803 1243 singula
835 1161 1023 1226 testimonia
1055 1180 1121 1223 non
1155 1160 1268 1242 magni

137 1244 286 1310 facienda
315 1245 481 1322 videntur,
511 1246 629 1328 quippe
663 1268 703 1311 ex
737 1247 853 1327 quibus
884 1247 940 1310 vix
973 1245 1150 1327 quidquam
1184 1245 1268 1310 certi

139 1331 210 1395 erui
231 1330 342 1413 possit,
365 1331 394 1395 is
405 1337 517 1395 tamen
540 1330 716 1397 concedere
728 1331 832 1408 debet,
847 1332 975 1396 >mirum
1003 1330 1096 1396 illum
1119 1332 1266 1395 omnium

138 1436 333 1481 consensum
364 1417 495 1499 optimo*
515 1416 586 1481 iure
620 1417 654 1481 in
688 1427 958 1502 argumentorum
987 1431 1123 1481 numero
1151 1417 1265 1481 referri

138 1522 242 1584 posse,
274 1501 393 1584 quibus
423 1523 520 1566 suum
550 1502 701 1569 Ciceroni
720 1524 800 1584 opus
830 1503 1022 1581 vindicetur.
1045 1539 1088 1550 -
1110 1501 1177 1568 Sed
1201 1524 1267 1567 non

138 1587 243 1653 solum
272 1588 476 1672 grammatici
506 1588 556 1653 illi
584 1589 776 1654 nominandi
809 1598 896 1666 sunt,
932 1589 989 1654 sed
1023 1589 1122 1653 etiam
1155 1588 1265 1666 refert,

138 1673 212 1749 aevi
234 1674 342 1752 medii,
366 1673 452 1757 quod
471 1683 618 1752 vocatur,
631 1684 664 1739 et
676 1675 892 1740 recentiorum
913 1682 1095 1758 temporum
1115 1674 1267 1739 homines

138 1760 249 1825 doctos
291 1779 546 1825 commemorare
587 1762 677 1826 velut
720 1761 984 1839 Melanthonem‚
1030 1760 1266 1837 Camerarium‚

137 1846 336 1924 Manutium,
375 1845 585 1925 Lambiuum,
625 1847 830 1925 Ernestium,
872 1848 1088 1923 Gronovium,
1126 1867 1266 1926 quorum

137 1931 219 1997 nulli
244 1953 387 2014 unquam
410 1933 445 1995 in
468 1942 610 1997 mentem
634 1934 735 2012 venit,
757 1934 841 1999 hanc
866 1931 1106 1997 oratiunculam
1127 1930 1163 1995 in
1194 1953 1266 1996 sus-

137 2019 299 2102 picionem
321 2038 439 2083 vocare
461 2039 596 2100 eamque
618 2020 818 2103 suppositam
837 2019 990 2095 iudicare,
1009 2016 1066 2083 sed
1084 2017 1139 2099 qui
1152 2036 1267 2082 omnes

137 2125 209 2169 eam
230 2114 396 2186 tamquam
425 2105 618 2187 opuseulum
648 2105 799 2170 omnibus
828 2105 1005 2169 virtutibus
1036 2103 1185 2168 oratoriis
1215 2102 1267 2166 in·

137 2197 296 2256 structum
320 2189 593 2271 praedicaverunt
610 2190 975 2256 eteommendaverunt.
1022 2189 1143 2254 Mirum
1156 2196 1267 2253 autem

137 2283 232 2353 esset,
255 2275 284 2340 si
306 2274 341 2338 hi
364 2297 486 2351 omnes,
499 2297 579 2358 quos
601 2277 742 2341 multum
764 2276 800 2340 in
824 2277 916 2342 libris
929 2275 1096 2340 Ciceronis
1118 2274 1268 2357 legendis

136 2369 170 2427 et
188 2359 391 2443 explicandis
414 2370 559 2426 versatos
587 2384 657 2427 esse
679 2363 812 2444 eiusque
834 2360 961 2426 dicendi
983 2361 1112 2444 generis
1136 2360 1267 2441 peritis-

136 2447 235 2512 simos
257 2445 360 2510 fuisse
382 2454 517 2524 constat,
540 2446 581 2510 ab
603 2448 658 2512 illo
675 2457 849 2530 personato
868 2447 975 2511 Tullio
987 2446 1114 2529 decepti
1137 2455 1265 2510 essent:

136 2533 208 2599 Nisi
230 2532 314 2599 forte
341 2532 514 2615 pleraeque
536 2534 825 2615 partesorationis
854 2541 921 2598 tam
952 2540 1063 2616 aperte
1092 2532 1264 2614 ingenium

135 2626 170 2685 et
198 2617 467 2685 consuetudinem
495 2620 616 2684 summi
645 2620 783 2683 oratoris
812 2640 891 2702 prae
919 2641 953 2684 se
986 2619 1071 2683 ferre
1099 2616 1266 2699 putandae

136 2717 223 2783 aunt,
246 2712 284 2792 ut
316 2726 429 2770 earum
452 2704 667 2770 admiratione
700 2706 843 2786 percussi
866 2705 915 2769 illi
944 2725 1012 2769 non
1041 2703 1187 2768 viderint
1208 2711 1267 2768 ant

135 2812 253 2874 parum
275 2791 465 2857 curaverint
476 2813 531 2867 ea,
546 2792 664 2872 quibus
675 2792 817 2856 Wolfius
835 2812 869 2855 se
887 2790 1064 2862 adductum
1086 2810 1157 2855 esse
1179 2788 1268 2854 dieat

138 2884 295 2941 attotam
318 2878 498 2942 orationem
519 2877 650 2942 falsario
674 2876 858 2942 nesciocui
887 2875 1054 2941 tribueret.
1106 2874 1173 2941 Sed
1202 2875 1265 2954 fac,

137 2985 253 3029 verum
276 2962 400 3028 vidisse
422 2967 531 3026 virum
543 2963 684 3041 doctum,
696 2984 804 3027 nonne
827 2961 1004 3026 admodum
1029 2963 1148 3026 mirum
1171 2961 1265 3027 vide·

137 3056 201 3129 tur,
223 3049 285 3113 nisi
307 3047 369 3113 hoc
391 3070 456 3113 non
479 3055 609 3113 exstare
642 3048 830 3131 exemplum
859 3048 990 3114 artificii
1015 3048 1103 3113 illius
1130 3047 1265 3122 falsarii,

136 3136 192 3217 qui
214 3134 248 3198 iu
272 3134 334 3201 hae
354 3135 558 3201 oratiuncula
579 3133 802 3217 componenda
824 3141 890 3197 tem
913 3154 1014 3217 prope
1036 3133 1208 3199 accesserit
1222 3132 1264 3196 ad

136 3219 180 3297 id,
203 3219 288 3302 qnod
310 3231 531 3304 proposuerat,
549 3221 726 3303 exemplar,
748 3227 786 3284 ut
808 3218 1265 3302 eicontingeret‚acutissima

137 3307 284 3371 virorum
308 3306 475 3371 doctorum
496 3307 630 3390 ingenia
643 3327 710 3389 ⁴per
728 3315 778 3370 tot
789 3305 919 3371 saecula
930 3327 990 3370 sua
1001 3315 1071 3370 arte
1084 3305 1263 3388 praestrin-

137 3412 215 3475 gere
243 3399 276 3455 et
305 3391 478 3475 decipere?
511 3429 551 3439 -
580 3392 645 3469 Sic,
674 3412 868 3474 quocunque
894 3407 1014 3468 vertor,
1043 3391 1146 3469 video,
1179 3412 1264 3471 quae

138 3499 190 3542 me
212 3477 418 3557 admoneant,
441 3501 483 3544 ne
505 3487 628 3542 temere
642 3478 763 3543 Wolfio
787 3477 956 3557 assentiar,
977 3478 1031 3542 sed
1045 3477 1264 3559 potiusWor·

137 3563 194 3640 mii
217 3563 405 3646 exemplum
429 3585 557 3646 sequar,
580 3565 635 3647 qui
659 3564 745 3641 dicit,
776 3585 811 3629 se
840 3585 913 3629 cum
945 3564 1103 3641 Asconiis‚
1128 3562 1263 3642 Quinti·

136 3648 243 3724 lianis,
266 3647 475 3723 Camerariis‚
498 3650 662 3715 Ernestiis
684 3671 794 3716 errare
812 3650 919 3729 malle,
934 3671 1031 3734 quam
1054 3671 1127 3715 eum
1140 3647 1265 3714 Wolfio

137 3756 217 3799 vera
239 3735 368 3799 sentire.
394 3772 430 3781 -
462 3734 570 3814 Quam
599 3736 806 3812 senteutiam,
840 3745 877 3800 ut
911 3749 943 3799 et
973 3739 1042 3819 ipse
1075 3735 1265 3817 amplectar,

137 3820 190 3884 vel
211 3821 354 3885 maxime
372 3819 514 3888 adducor
542 3819 645 3903 ipsius
668 3820 832 3897 Ciceronis
855 3821 1051 3898 testimonio,
1078 3843 1141 3903 quo
1173 3821 1264 3884 locu-

136 3905 258 3988 pletius
281 3927 346 3969 non
368 3915 475 3988 potest
496 3906 683 3988 excogitari.
717 3908 839 3988 Aperte
860 3904 916 3968 ille
938 3905 1024 3982 dicit,
1048 3928 1083 3970 se
1100 3907 1136 3969 in
1148 3913 1266 3970 senatu

138 3991 174 4056 C.
205 3990 340 4056 Caesari
368 3992 409 4059 de
441 3992 594 4058 restituto
623 3993 780 4057 Marcello
812 3990 960 4074 pluribus
991 3991 1114 4074 gratias
1148 3991 1264 4072 egisse.

138 4076 231 4144 Haec
253 4077 340 4142 onim
363 4085 450 4157 sunt,
473 4098 557 4162 quae
580 4076 620 4141 ad
646 4075 717 4142 Ser.
747 4077 931 4161 Sulpicium
960 4077 1016 4158 (ad
1045 4079 1120 4143 lam.
1140 4076 1200 4141 IV.
1231 4082 1266 4152 4)

139 4163 285 4247 scripsit:
311 4164 404 4240 „Uno
435 4172 467 4230 te
499 4164 644 4238 vicimus,
674 4161 759 4246 quod
785 4162 825 4228 de
853 4164 1013 4242 Marcelli,
1041 4163 1184 4246 collegae
1205 4163 1265 4241 tui,

138 4247 245 4316 salute
266 4249 377 4334 paullo
399 4260 486 4334 ante,
508 4271 607 4337 quam
628 4252 676 4332 tu,
694 4250 920 4336 cognorimus:
943 4252 1042 4322 etiam
1066 4249 1266 4330 mehercule,
