<?xml version="1.0" encoding="UTF-8"?>
<!DOCTYPE html PUBLIC "-//W3C//DTD XHTML 1.0 Transitional//EN"
    "http://www.w3.org/TR/xhtml1/DTD/xhtml1-transitional.dtd">
<html xmlns="http://www.w3.org/1999/xhtml" xml:lang="en" lang="en">
 <head>
  <title>
</title>
<meta http-equiv="Content-Type" content="text/html;charset=utf-8" />
  <meta name='ocr-system' content='tesseract 3.04.00' />
  <meta name='ocr-capabilities' content='ocr_page ocr_carea ocr_par ocr_line ocrx_word'/>
</head>
<body>
  <div class='ocr_page' id='page_1' title='image "./orationempronma00hahngoog_0039.png"; bbox 0 0 2820 4822; ppageno 0'>
   <div class='ocr_carea' id='block_1_1' title="bbox 617 311 788 380">
    <p class='ocr_par' dir='ltr' id='par_1_1' title="bbox 617 311 788 380">
     <span class='ocr_line' id='line_1_1' title="bbox 617 311 788 380; baseline 0.006 -20"><span class='ocrx_word' id='word_1_1' title='bbox 617 311 788 380; x_wconf 69' lang='lat'><strong>„30-</strong></span> 
     </span>
    </p>
   </div>
   <div class='ocr_carea' id='block_1_2' title="bbox 137 483 1334 4348">
    <p class='ocr_par' dir='ltr' id='par_1_2' title="bbox 137 483 1271 1756">
     <span class='ocr_line' id='line_1_2' title="bbox 138 483 1270 571; baseline -0.004 -17"><span class='ocrx_word' id='word_1_2' title='bbox 138 487 180 554; x_wconf 90' lang='lat' dir='ltr'><strong>ad</strong></span> <span class='ocrx_word' id='word_1_3' title='bbox 201 488 357 555; x_wconf 86' lang='lat' dir='ltr'><strong>virtutem</strong></span> <span class='ocrx_word' id='word_1_4' title='bbox 379 485 535 554; x_wconf 90' lang='lat' dir='ltr'><strong>orationis</strong></span> <span class='ocrx_word' id='word_1_5' title='bbox 564 487 773 571; x_wconf 84' lang='lat' dir='ltr'><strong>frequentare</strong></span> <span class='ocrx_word' id='word_1_6' title='bbox 804 483 919 564; x_wconf 82' lang='lat' dir='ltr'>solent,</span> <span class='ocrx_word' id='word_1_7' title='bbox 953 483 1079 568; x_wconf 85' lang='lat' dir='ltr'><strong>figuris,</strong></span> <span class='ocrx_word' id='word_1_8' title='bbox 1111 502 1270 569; x_wconf 86' lang='lat' dir='ltr'><strong>prosopo-</strong></span> 
     </span>
     <span class='ocr_line' id='line_1_3' title="bbox 137 569 1270 659; baseline -0.004 -19"><span class='ocrx_word' id='word_1_9' title='bbox 137 574 230 659; x_wconf 91' lang='lat' dir='ltr'><strong>poeia</strong></span> <span class='ocrx_word' id='word_1_10' title='bbox 252 573 343 641; x_wconf 89' lang='lat' dir='ltr'><strong>nulla</strong></span> <span class='ocrx_word' id='word_1_11' title='bbox 365 579 417 639; x_wconf 89' lang='lat' dir='ltr'><strong>est</strong></span> <span class='ocrx_word' id='word_1_12' title='bbox 438 571 600 640; x_wconf 76' lang='lat' dir='ltr'><strong>audacior.</strong></span> <span class='ocrx_word' id='word_1_13' title='bbox 645 572 698 638; x_wconf 80' lang='lat' dir='ltr'><strong>Ex</strong></span> <span class='ocrx_word' id='word_1_14' title='bbox 717 569 887 638; x_wconf 87' lang='lat' dir='ltr'><strong>affectibus</strong></span> <span class='ocrx_word' id='word_1_15' title='bbox 910 571 1062 654; x_wconf 87' lang='lat' dir='ltr'><strong>profecta,</strong></span> <span class='ocrx_word' id='word_1_16' title='bbox 1086 591 1128 636; x_wconf 89' lang='lat' dir='ltr'><strong>ex</strong></span> <span class='ocrx_word' id='word_1_17' title='bbox 1149 570 1270 637; x_wconf 85' lang='lat' dir='ltr'><strong>iisdem</strong></span> 
     </span>
     <span class='ocr_line' id='line_1_4' title="bbox 137 656 1269 739; baseline -0.004 -11"><span class='ocrx_word' id='word_1_18' title='bbox 137 661 206 728; x_wconf 85' lang='lat' dir='ltr'><strong>vim</strong></span> <span class='ocrx_word' id='word_1_19' title='bbox 237 682 330 728; x_wconf 90' lang='lat' dir='ltr'><strong>suam</strong></span> <span class='ocrx_word' id='word_1_20' title='bbox 360 667 393 725; x_wconf 91' lang='lat' dir='ltr'><strong>et</strong></span> <span class='ocrx_word' id='word_1_21' title='bbox 422 660 667 726; x_wconf 85' lang='lat' dir='ltr'><strong>excusationem</strong></span> <span class='ocrx_word' id='word_1_22' title='bbox 691 657 798 723; x_wconf 90' lang='lat' dir='ltr'><strong>habet.</strong></span> <span class='ocrx_word' id='word_1_23' title='bbox 851 656 1136 739; x_wconf 75' lang='lat' dir='ltr'><strong>Quemadmodum</strong></span> <span class='ocrx_word' id='word_1_24' title='bbox 1167 657 1269 724; x_wconf 85' lang='lat' dir='ltr'><strong>affcc-</strong></span> 
     </span>
     <span class='ocr_line' id='line_1_5' title="bbox 137 741 1269 823; baseline -0.004 -11"><span class='ocrx_word' id='word_1_25' title='bbox 137 754 232 812; x_wconf 90' lang='lat' dir='ltr'><strong>tuum</strong></span> <span class='ocrx_word' id='word_1_26' title='bbox 265 746 357 813; x_wconf 85' lang='lat' dir='ltr'><strong>varia</strong></span> <span class='ocrx_word' id='word_1_27' title='bbox 385 753 461 811; x_wconf 92' lang='lat' dir='ltr'><strong>sunt</strong></span> <span class='ocrx_word' id='word_1_28' title='bbox 488 753 521 811; x_wconf 91' lang='lat' dir='ltr'><strong>et</strong></span> <span class='ocrx_word' id='word_1_29' title='bbox 552 746 681 810; x_wconf 90' lang='lat' dir='ltr'><strong>infinita</strong></span> <span class='ocrx_word' id='word_1_30' title='bbox 714 750 888 823; x_wconf 86' lang='lat' dir='ltr'><strong>momenta,</strong></span> <span class='ocrx_word' id='word_1_31' title='bbox 921 743 967 807; x_wconf 85' lang='lat' dir='ltr'><strong>ita</strong></span> <span class='ocrx_word' id='word_1_32' title='bbox 999 744 1183 808; x_wconf 89' lang='lat' dir='ltr'><strong>animorum</strong></span> <span class='ocrx_word' id='word_1_33' title='bbox 1217 741 1269 808; x_wconf 90' lang='lat' dir='ltr'><strong>illi</strong></span> 
     </span>
     <span class='ocr_line' id='line_1_6' title="bbox 137 828 1270 914; baseline -0.003 -17"><span class='ocrx_word' id='word_1_34' title='bbox 137 840 255 911; x_wconf 91' lang='lat' dir='ltr'><strong>motus,</strong></span> <span class='ocrx_word' id='word_1_35' title='bbox 278 833 455 914; x_wconf 75' lang='lat' dir='ltr'><strong>interprete</strong></span> <span class='ocrx_word' id='word_1_36' title='bbox 476 830 590 914; x_wconf 88' lang='lat' dir='ltr'><strong>lingua</strong></span> <span class='ocrx_word' id='word_1_37' title='bbox 610 838 668 895; x_wconf 92' lang='lat' dir='ltr'><strong>aut</strong></span> <span class='ocrx_word' id='word_1_38' title='bbox 690 828 823 909; x_wconf 83' lang='lat' dir='ltr'><strong>calamo,</strong></span> <span class='ocrx_word' id='word_1_39' title='bbox 853 829 985 893; x_wconf 85' lang='lat' dir='ltr'><strong>infinita</strong></span> <span class='ocrx_word' id='word_1_40' title='bbox 1005 828 1163 896; x_wconf 81' lang='lat' dir='ltr'><strong>varietate</strong></span> <span class='ocrx_word' id='word_1_41' title='bbox 1191 849 1270 914; x_wconf 88' lang='lat' dir='ltr'><strong>pro·</strong></span> 
     </span>
     <span class='ocr_line' id='line_1_7' title="bbox 137 914 1271 1000; baseline -0.004 -17"><span class='ocrx_word' id='word_1_42' title='bbox 137 919 304 998; x_wconf 88' lang='lat' dir='ltr'><strong>feruntur;</strong></span> <span class='ocrx_word' id='word_1_43' title='bbox 334 923 372 981; x_wconf 93' lang='lat' dir='ltr'><strong>ut</strong></span> <span class='ocrx_word' id='word_1_44' title='bbox 404 937 570 1000; x_wconf 81' lang='lat' dir='ltr'><strong>quousque</strong></span> <span class='ocrx_word' id='word_1_45' title='bbox 603 917 638 980; x_wconf 91' lang='lat' dir='ltr'><strong>in</strong></span> <span class='ocrx_word' id='word_1_46' title='bbox 672 916 724 980; x_wconf 88' lang='lat' dir='ltr'><strong>bis</strong></span> <span class='ocrx_word' id='word_1_47' title='bbox 757 915 958 999; x_wconf 89' lang='lat' dir='ltr'><strong>imaginibus</strong></span> <span class='ocrx_word' id='word_1_48' title='bbox 987 914 1208 998; x_wconf 90' lang='lat' dir='ltr'><strong>concipiendis</strong></span> <span class='ocrx_word' id='word_1_49' title='bbox 1236 922 1271 980; x_wconf 93' lang='lat' dir='ltr'><strong>et</strong></span> 
     </span>
     <span class='ocr_line' id='line_1_8' title="bbox 138 999 1269 1088; baseline -0.004 -18"><span class='ocrx_word' id='word_1_50' title='bbox 138 1001 362 1088; x_wconf 77' lang='lat' dir='ltr'><strong>exprimendis</strong></span> <span class='ocrx_word' id='word_1_51' title='bbox 385 1002 558 1086; x_wconf 89' lang='lat' dir='ltr'><strong>procedere</strong></span> <span class='ocrx_word' id='word_1_52' title='bbox 582 1002 687 1086; x_wconf 92' lang='lat' dir='ltr'><strong>possit</strong></span> <span class='ocrx_word' id='word_1_53' title='bbox 712 1010 883 1084; x_wconf 85' lang='lat' dir='ltr'><strong>poetarum</strong></span> <span class='ocrx_word' id='word_1_54' title='bbox 906 1009 939 1066; x_wconf 89' lang='lat' dir='ltr'><strong>ot</strong></span> <span class='ocrx_word' id='word_1_55' title='bbox 968 1008 1135 1066; x_wconf 89' lang='lat' dir='ltr'><strong>oratorum</strong></span> <span class='ocrx_word' id='word_1_56' title='bbox 1161 999 1269 1084; x_wconf 90' lang='lat' dir='ltr'><strong>phan-</strong></span> 
     </span>
     <span class='ocr_line' id='line_1_9' title="bbox 138 1085 1270 1172; baseline -0.003 -17"><span class='ocrx_word' id='word_1_57' title='bbox 138 1091 230 1170; x_wconf 86' lang='lat' dir='ltr'><strong>tasia,</strong></span> <span class='ocrx_word' id='word_1_58' title='bbox 251 1110 361 1155; x_wconf 89' lang='lat' dir='ltr'><strong>rerum</strong></span> <span class='ocrx_word' id='word_1_59' title='bbox 384 1088 585 1155; x_wconf 81' lang='lat' dir='ltr'><strong>obiecturum</strong></span> <span class='ocrx_word' id='word_1_60' title='bbox 607 1088 714 1172; x_wconf 85' lang='lat' dir='ltr'><strong>specie</strong></span> <span class='ocrx_word' id='word_1_61' title='bbox 736 1086 962 1154; x_wconf 84' lang='lat' dir='ltr'><strong>vehementius</strong></span> <span class='ocrx_word' id='word_1_62' title='bbox 987 1106 1158 1170; x_wconf 88' lang='lat' dir='ltr'><strong>percussa,</strong></span> <span class='ocrx_word' id='word_1_63' title='bbox 1182 1085 1270 1152; x_wconf 89' lang='lat' dir='ltr'><strong>diffi-</strong></span> 
     </span>
     <span class='ocr_line' id='line_1_10' title="bbox 138 1172 1270 1258; baseline -0.002 -18"><span class='ocrx_word' id='word_1_64' title='bbox 138 1176 297 1241; x_wconf 91' lang='lat' dir='ltr'><strong>cillimum</strong></span> <span class='ocrx_word' id='word_1_65' title='bbox 319 1175 363 1240; x_wconf 93' lang='lat' dir='ltr'><strong>sit</strong></span> <span class='ocrx_word' id='word_1_66' title='bbox 386 1174 596 1240; x_wconf 84' lang='lat' dir='ltr'><strong>diiudicatu“.</strong></span> <span class='ocrx_word' id='word_1_67' title='bbox 649 1173 724 1254; x_wconf 74' lang='lat' dir='ltr'><strong>Quo</strong></span> <span class='ocrx_word' id='word_1_68' title='bbox 745 1174 817 1238; x_wconf 90' lang='lat' dir='ltr'><strong>iuro</strong></span> <span class='ocrx_word' id='word_1_69' title='bbox 846 1173 949 1258; x_wconf 89' lang='lat' dir='ltr'><strong>igitur</strong></span> <span class='ocrx_word' id='word_1_70' title='bbox 974 1173 1119 1240; x_wconf 89' lang='lat' dir='ltr'><strong>Wolfius</strong></span> <span class='ocrx_word' id='word_1_71' title='bbox 1141 1193 1184 1238; x_wconf 89' lang='lat' dir='ltr'><strong>ex</strong></span> <span class='ocrx_word' id='word_1_72' title='bbox 1205 1172 1270 1239; x_wconf 94' lang='lat' dir='ltr'><strong>hoc</strong></span> 
     </span>
     <span class='ocr_line' id='line_1_11' title="bbox 138 1257 1270 1346; baseline -0.004 -18"><span class='ocrx_word' id='word_1_73' title='bbox 138 1262 209 1328; x_wconf 93' lang='lat' dir='ltr'><strong>loco</strong></span> <span class='ocrx_word' id='word_1_74' title='bbox 232 1269 466 1346; x_wconf 82' lang='lat' dir='ltr'><strong>argumentum</strong></span> <span class='ocrx_word' id='word_1_75' title='bbox 488 1269 600 1344; x_wconf 88' lang='lat' dir='ltr'><strong>petere</strong></span> <span class='ocrx_word' id='word_1_76' title='bbox 643 1259 724 1326; x_wconf 91' lang='lat' dir='ltr'><strong>ossit</strong></span> <span class='ocrx_word' id='word_1_77' title='bbox 746 1259 788 1324; x_wconf 92' lang='lat' dir='ltr'><strong>ad</strong></span> <span class='ocrx_word' id='word_1_78' title='bbox 810 1258 852 1339; x_wconf 92' lang='lat' dir='ltr'><strong>id,</strong></span> <span class='ocrx_word' id='word_1_79' title='bbox 875 1257 960 1342; x_wconf 92' lang='lat' dir='ltr'><strong>quod</strong></span> <span class='ocrx_word' id='word_1_80' title='bbox 979 1258 1019 1323; x_wconf 91' lang='lat' dir='ltr'><strong>de</strong></span> <span class='ocrx_word' id='word_1_81' title='bbox 1039 1257 1103 1325; x_wconf 89' lang='lat' dir='ltr'><strong>hac</strong></span> <span class='ocrx_word' id='word_1_82' title='bbox 1120 1259 1270 1325; x_wconf 87' lang='lat' dir='ltr'><strong>oratione</strong></span> 
     </span>
     <span class='ocr_line' id='line_1_12' title="bbox 140 1281 1270 1431; baseline -0.003 -20"><span class='ocrx_word' id='word_1_83' title='bbox 140 1347 279 1431; x_wconf 90' lang='lat' dir='ltr'><strong>protulit</strong></span> <span class='ocrx_word' id='word_1_84' title='bbox 305 1344 463 1412; x_wconf 91' lang='lat' dir='ltr'><strong>indicium</strong></span> <span class='ocrx_word' id='word_1_85' title='bbox 489 1281 705 1424; x_wconf 77' lang='lat' dir='ltr'><strong>fulcientibm,</strong></span> <span class='ocrx_word' id='word_1_86' title='bbox 735 1366 868 1428; x_wconf 88' lang='lat' dir='ltr'><strong>prorsus</strong></span> <span class='ocrx_word' id='word_1_87' title='bbox 895 1365 962 1410; x_wconf 91' lang='lat' dir='ltr'><strong>non</strong></span> <span class='ocrx_word' id='word_1_88' title='bbox 988 1342 1097 1425; x_wconf 83' lang='lat' dir='ltr'><strong>vidso;</strong></span> <span class='ocrx_word' id='word_1_89' title='bbox 1127 1366 1206 1410; x_wconf 89' lang='lat' dir='ltr'><strong>nam</strong></span> <span class='ocrx_word' id='word_1_90' title='bbox 1234 1343 1270 1408; x_wconf 89' lang='lat' dir='ltr'><strong>id</strong></span> 
     </span>
     <span class='ocr_line' id='line_1_13' title="bbox 139 1430 1271 1515; baseline -0.004 -17"><span class='ocrx_word' id='word_1_91' title='bbox 139 1433 222 1499; x_wconf 90' lang='lat' dir='ltr'><strong>mihi</strong></span> <span class='ocrx_word' id='word_1_92' title='bbox 253 1453 520 1515; x_wconf 85' lang='lat' dir='ltr'><strong>unumquemque</strong></span> <span class='ocrx_word' id='word_1_93' title='bbox 553 1452 786 1499; x_wconf 83' lang='lat' dir='ltr'><strong>concessurum</strong></span> <span class='ocrx_word' id='word_1_94' title='bbox 823 1450 936 1515; x_wconf 87' lang='lat' dir='ltr'><strong>sporo,</strong></span> <span class='ocrx_word' id='word_1_95' title='bbox 966 1431 1053 1496; x_wconf 85' lang='lat' dir='ltr'><strong>hane</strong></span> <span class='ocrx_word' id='word_1_96' title='bbox 1088 1430 1271 1515; x_wconf 87' lang='lat' dir='ltr'><strong>imaginem</strong></span> 
     </span>
     <span class='ocr_line' id='line_1_14' title="bbox 138 1516 1270 1603; baseline -0.004 -18"><span class='ocrx_word' id='word_1_97' title='bbox 138 1519 241 1585; x_wconf 91' lang='lat' dir='ltr'><strong>multo</strong></span> <span class='ocrx_word' id='word_1_98' title='bbox 271 1519 376 1603; x_wconf 86' lang='lat' dir='ltr'><strong>magis</strong></span> <span class='ocrx_word' id='word_1_99' title='bbox 405 1518 570 1584; x_wconf 83' lang='lat' dir='ltr'><strong>Ciceronis</strong></span> <span class='ocrx_word' id='word_1_100' title='bbox 599 1539 669 1584; x_wconf 87' lang='lat' dir='ltr'><strong>csso</strong></span> <span class='ocrx_word' id='word_1_101' title='bbox 696 1516 802 1584; x_wconf 86' lang='lat' dir='ltr'><strong>videri</strong></span> <span class='ocrx_word' id='word_1_102' title='bbox 830 1517 866 1581; x_wconf 90' lang='lat' dir='ltr'><strong>in</strong></span> <span class='ocrx_word' id='word_1_103' title='bbox 889 1517 985 1583; x_wconf 88' lang='lat' dir='ltr'><strong>curia</strong></span> <span class='ocrx_word' id='word_1_104' title='bbox 1018 1517 1120 1583; x_wconf 79' lang='lat' dir='ltr'><strong>verba</strong></span> <span class='ocrx_word' id='word_1_105' title='bbox 1146 1517 1270 1582; x_wconf 90' lang='lat' dir='ltr'><strong>facien·</strong></span> 
     </span>
     <span class='ocr_line' id='line_1_15' title="bbox 138 1601 1270 1688; baseline -0.002 -19"><span class='ocrx_word' id='word_1_106' title='bbox 138 1606 191 1683; x_wconf 90' lang='lat' dir='ltr'><strong>tis,</strong></span> <span class='ocrx_word' id='word_1_107' title='bbox 221 1625 319 1688; x_wconf 91' lang='lat' dir='ltr'><strong>quam</strong></span> <span class='ocrx_word' id='word_1_108' title='bbox 349 1604 490 1671; x_wconf 89' lang='lat' dir='ltr'><strong>hominis</strong></span> <span class='ocrx_word' id='word_1_109' title='bbox 519 1603 704 1669; x_wconf 87' lang='lat' dir='ltr'><strong>scholastici</strong></span> <span class='ocrx_word' id='word_1_110' title='bbox 740 1603 776 1667; x_wconf 93' lang='lat' dir='ltr'><strong>in</strong></span> <span class='ocrx_word' id='word_1_111' title='bbox 811 1601 928 1668; x_wconf 90' lang='lat' dir='ltr'><strong>umbra</strong></span> <span class='ocrx_word' id='word_1_112' title='bbox 955 1623 1032 1668; x_wconf 89' lang='lat' dir='ltr'><strong>suas</strong></span> <span class='ocrx_word' id='word_1_113' title='bbox 1059 1602 1147 1669; x_wconf 85' lang='lat' dir='ltr'><strong>vires</strong></span> <span class='ocrx_word' id='word_1_114' title='bbox 1181 1603 1270 1686; x_wconf 91' lang='lat' dir='ltr'><strong>peri-</strong></span> 
     </span>
     <span class='ocr_line' id='line_1_16' title="bbox 138 1691 356 1756; baseline -0.005 0"><span class='ocrx_word' id='word_1_115' title='bbox 138 1691 291 1756; x_wconf 90' lang='lat' dir='ltr'><strong>clitantis.</strong></span> <span class='ocrx_word' id='word_1_116' title='bbox 315 1726 356 1738; x_wconf 94' lang='lat'><em>-</em></span> 
     </span>
    </p>

    <p class='ocr_par' dir='ltr' id='par_1_3' title="bbox 139 1773 1334 3148">
     <span class='ocr_line' id='line_1_17' title="bbox 225 1773 1270 1860; baseline -0.002 -20"><span class='ocrx_word' id='word_1_117' title='bbox 225 1777 297 1840; x_wconf 89' lang='lat' dir='ltr'><strong>Iam</strong></span> <span class='ocrx_word' id='word_1_118' title='bbox 315 1794 393 1843; x_wconf 85' lang='lat' dir='ltr'><strong>vero</strong></span> <span class='ocrx_word' id='word_1_119' title='bbox 416 1775 565 1858; x_wconf 88' lang='lat' dir='ltr'><strong>pluribus</strong></span> <span class='ocrx_word' id='word_1_120' title='bbox 587 1774 750 1860; x_wconf 87' lang='lat' dir='ltr'><strong>agendum</strong></span> <span class='ocrx_word' id='word_1_121' title='bbox 773 1781 823 1840; x_wconf 90' lang='lat' dir='ltr'><strong>est</strong></span> <span class='ocrx_word' id='word_1_122' title='bbox 845 1773 887 1840; x_wconf 87' lang='lat' dir='ltr'><strong>de</strong></span> <span class='ocrx_word' id='word_1_123' title='bbox 906 1774 1040 1856; x_wconf 71' lang='lat' dir='ltr'><strong>&#39;verbis,</strong></span> <span class='ocrx_word' id='word_1_124' title='bbox 1067 1794 1152 1858; x_wconf 88' lang='lat' dir='ltr'><strong>quae</strong></span> <span class='ocrx_word' id='word_1_125' title='bbox 1175 1773 1270 1839; x_wconf 90' lang='lat' dir='ltr'><strong>dein-</strong></span> 
     </span>
     <span class='ocr_line' id='line_1_18' title="bbox 139 1860 1272 1946; baseline -0.004 -16"><span class='ocrx_word' id='word_1_126' title='bbox 139 1884 215 1946; x_wconf 89' lang='lat' dir='ltr'><strong>ceps</strong></span> <span class='ocrx_word' id='word_1_127' title='bbox 237 1868 407 1928; x_wconf 84' lang='lat' dir='ltr'><strong>secuntur:</strong></span> <span class='ocrx_word' id='word_1_128' title='bbox 440 1860 543 1945; x_wconf 87' lang='lat' dir='ltr'><strong>„quod</strong></span> <span class='ocrx_word' id='word_1_129' title='bbox 570 1860 664 1927; x_wconf 80' lang='lat' dir='ltr'><strong>brevi</strong></span> <span class='ocrx_word' id='word_1_130' title='bbox 692 1868 838 1944; x_wconf 87' lang='lat' dir='ltr'><strong>tempore</strong></span> <span class='ocrx_word' id='word_1_131' title='bbox 865 1861 977 1926; x_wconf 89' lang='lat' dir='ltr'><strong>futura</strong></span> <span class='ocrx_word' id='word_1_132' title='bbox 1004 1860 1047 1927; x_wconf 91' lang='lat' dir='ltr'><strong>sit</strong></span> <span class='ocrx_word' id='word_1_133' title='bbox 1073 1860 1131 1925; x_wconf 89' lang='lat' dir='ltr'><strong>illa</strong></span> <span class='ocrx_word' id='word_1_134' title='bbox 1159 1866 1272 1926; x_wconf 88' lang='lat' dir='ltr'><strong>auoto-</strong></span> 
     </span>
     <span class='ocr_line' id='line_1_19' title="bbox 139 1944 1271 2028; baseline -0.003 -14"><span class='ocrx_word' id='word_1_135' title='bbox 139 1949 221 2014; x_wconf 81' lang='lat' dir='ltr'><strong>ritas</strong></span> <span class='ocrx_word' id='word_1_136' title='bbox 256 1948 291 2014; x_wconf 92' lang='lat' dir='ltr'><strong>in</strong></span> <span class='ocrx_word' id='word_1_137' title='bbox 329 1948 383 2013; x_wconf 92' lang='lat' dir='ltr'><strong>his</strong></span> <span class='ocrx_word' id='word_1_138' title='bbox 415 1947 577 2012; x_wconf 91' lang='lat' dir='ltr'><strong>maiorum</strong></span> <span class='ocrx_word' id='word_1_139' title='bbox 610 1955 644 2011; x_wconf 88' lang='lat' dir='ltr'><strong>ct</strong></span> <span class='ocrx_word' id='word_1_140' title='bbox 669 1946 755 2012; x_wconf 88' lang='lat' dir='ltr'><strong>suis</strong></span> <span class='ocrx_word' id='word_1_141' title='bbox 786 1944 949 2013; x_wconf 81' lang='lat' dir='ltr'><strong>sedibus“.</strong></span> <span class='ocrx_word' id='word_1_142' title='bbox 1012 1945 1119 2028; x_wconf 81' lang='lat' dir='ltr'><strong>Quem</strong></span> <span class='ocrx_word' id='word_1_143' title='bbox 1160 1947 1271 2014; x_wconf 88' lang='lat' dir='ltr'><strong>locum</strong></span> 
     </span>
     <span class='ocr_line' id='line_1_20' title="bbox 140 2031 1273 2118; baseline -0.004 -18"><span class='ocrx_word' id='word_1_144' title='bbox 140 2033 348 2101; x_wconf 79' lang='lat' dir='ltr'><strong>obscuritatis</strong></span> <span class='ocrx_word' id='word_1_145' title='bbox 371 2033 507 2099; x_wconf 89' lang='lat' dir='ltr'><strong>crimine</strong></span> <span class='ocrx_word' id='word_1_146' title='bbox 526 2031 669 2098; x_wconf 89' lang='lat' dir='ltr'><strong>Wolfius</strong></span> <span class='ocrx_word' id='word_1_147' title='bbox 691 2033 907 2116; x_wconf 83' lang='lat' dir='ltr'><strong>vituperavit;</strong></span> <span class='ocrx_word' id='word_1_148' title='bbox 934 2039 966 2097; x_wconf 90' lang='lat' dir='ltr'><strong>et</strong></span> <span class='ocrx_word' id='word_1_149' title='bbox 994 2033 1133 2118; x_wconf 87' lang='lat' dir='ltr'><strong>contigit</strong></span> <span class='ocrx_word' id='word_1_150' title='bbox 1161 2033 1202 2111; x_wconf 90' lang='lat' dir='ltr'><strong>ei,</strong></span> <span class='ocrx_word' id='word_1_151' title='bbox 1232 2039 1273 2097; x_wconf 87' lang='lat' dir='ltr'><strong>ut</strong></span> 
     </span>
     <span class='ocr_line' id='line_1_21' title="bbox 141 2118 1272 2206; baseline -0.003 -20"><span class='ocrx_word' id='word_1_152' title='bbox 141 2121 240 2187; x_wconf 88' lang='lat' dir='ltr'><strong>etiam</strong></span> <span class='ocrx_word' id='word_1_153' title='bbox 274 2119 494 2206; x_wconf 76' lang='lat' dir='ltr'><strong>sagacissimis</strong></span> <span class='ocrx_word' id='word_1_154' title='bbox 527 2119 593 2184; x_wconf 90' lang='lat' dir='ltr'><strong>illis</strong></span> <span class='ocrx_word' id='word_1_155' title='bbox 620 2118 777 2185; x_wconf 91' lang='lat' dir='ltr'><strong>orationis</strong></span> <span class='ocrx_word' id='word_1_156' title='bbox 813 2119 1040 2186; x_wconf 84' lang='lat' dir='ltr'><strong>defensoribus</strong></span> <span class='ocrx_word' id='word_1_157' title='bbox 1075 2119 1272 2203; x_wconf 89' lang='lat' dir='ltr'><strong>scrupulum</strong></span> 
     </span>
     <span class='ocr_line' id='line_1_22' title="bbox 139 2202 1272 2291; baseline -0.004 -18"><span class='ocrx_word' id='word_1_158' title='bbox 139 2206 296 2273; x_wconf 88' lang='lat' dir='ltr'><strong>iniiceret.</strong></span> <span class='ocrx_word' id='word_1_159' title='bbox 343 2205 437 2271; x_wconf 85' lang='lat' dir='ltr'><strong>Alter</strong></span> <span class='ocrx_word' id='word_1_160' title='bbox 459 2207 545 2271; x_wconf 88' lang='lat' dir='ltr'><strong>onim</strong></span> <span class='ocrx_word' id='word_1_161' title='bbox 573 2204 745 2270; x_wconf 81' lang='lat' dir='ltr'><strong>Weiskius</strong></span> <span class='ocrx_word' id='word_1_162' title='bbox 775 2205 913 2285; x_wconf 86' lang='lat' dir='ltr'><strong>dubitat,</strong></span> <span class='ocrx_word' id='word_1_163' title='bbox 942 2225 1024 2288; x_wconf 89' lang='lat' dir='ltr'><strong>quae</strong></span> <span class='ocrx_word' id='word_1_164' title='bbox 1053 2202 1272 2291; x_wconf 89' lang='lat' dir='ltr'><strong>intelligenda</strong></span> 
     </span>
     <span class='ocr_line' id='line_1_23' title="bbox 141 2289 1271 2370; baseline -0.002 -12"><span class='ocrx_word' id='word_1_165' title='bbox 141 2292 185 2358; x_wconf 91' lang='lat' dir='ltr'><strong>sit</strong></span> <span class='ocrx_word' id='word_1_166' title='bbox 205 2291 264 2356; x_wconf 90' lang='lat' dir='ltr'><strong>illa</strong></span> <span class='ocrx_word' id='word_1_167' title='bbox 288 2293 503 2370; x_wconf 83' lang='lat' dir='ltr'><strong>„auotoritas“</strong></span> <span class='ocrx_word' id='word_1_168' title='bbox 529 2291 690 2355; x_wconf 86' lang='lat' dir='ltr'><strong>stlocum</strong></span> <span class='ocrx_word' id='word_1_169' title='bbox 713 2289 906 2358; x_wconf 88' lang='lat' dir='ltr'><strong>mendosum</strong></span> <span class='ocrx_word' id='word_1_170' title='bbox 928 2291 1058 2357; x_wconf 88' lang='lat' dir='ltr'><strong>iudicat.</strong></span> <span class='ocrx_word' id='word_1_171' title='bbox 1109 2289 1271 2357; x_wconf 83' lang='lat' dir='ltr'><strong>Statucns</strong></span> 
     </span>
     <span class='ocr_line' id='line_1_24' title="bbox 139 2375 1271 2462; baseline -0.001 -20"><span class='ocrx_word' id='word_1_172' title='bbox 139 2378 242 2462; x_wconf 88' lang='lat' dir='ltr'><strong>igitur</strong></span> <span class='ocrx_word' id='word_1_173' title='bbox 269 2377 436 2458; x_wconf 85' lang='lat' dir='ltr'><strong>lacunam,</strong></span> <span class='ocrx_word' id='word_1_174' title='bbox 467 2376 588 2461; x_wconf 88' lang='lat' dir='ltr'><strong>viginti</strong></span> <span class='ocrx_word' id='word_1_175' title='bbox 622 2375 692 2441; x_wconf 86' lang='lat' dir='ltr'><strong>fero</strong></span> <span class='ocrx_word' id='word_1_176' title='bbox 727 2378 830 2443; x_wconf 86' lang='lat' dir='ltr'><strong>verba</strong></span> <span class='ocrx_word' id='word_1_177' title='bbox 864 2376 989 2456; x_wconf 88' lang='lat' dir='ltr'><strong>inserit,</strong></span> <span class='ocrx_word' id='word_1_178' title='bbox 1013 2375 1130 2460; x_wconf 89' lang='lat' dir='ltr'><strong>quibus</strong></span> <span class='ocrx_word' id='word_1_179' title='bbox 1159 2377 1271 2443; x_wconf 89' lang='lat' dir='ltr'><strong>locum</strong></span> 
     </span>
     <span class='ocr_line' id='line_1_25' title="bbox 140 2461 1271 2542; baseline 0 -14"><span class='ocrx_word' id='word_1_180' title='bbox 140 2483 272 2528; x_wconf 88' lang='lat' dir='ltr'><strong>sanasse</strong></span> <span class='ocrx_word' id='word_1_181' title='bbox 311 2463 373 2528; x_wconf 91' lang='lat' dir='ltr'><strong>sibi</strong></span> <span class='ocrx_word' id='word_1_182' title='bbox 411 2461 550 2529; x_wconf 81' lang='lat' dir='ltr'><strong>videtur.</strong></span> <span class='ocrx_word' id='word_1_183' title='bbox 613 2463 723 2542; x_wconf 86' lang='lat' dir='ltr'><strong>Alter,</strong></span> <span class='ocrx_word' id='word_1_184' title='bbox 759 2462 930 2530; x_wconf 88' lang='lat' dir='ltr'><strong>Wormius</strong></span> <span class='ocrx_word' id='word_1_185' title='bbox 971 2485 1038 2528; x_wconf 91' lang='lat' dir='ltr'><strong>non</strong></span> <span class='ocrx_word' id='word_1_186' title='bbox 1077 2463 1189 2528; x_wconf 90' lang='lat' dir='ltr'><strong>minus</strong></span> <span class='ocrx_word' id='word_1_187' title='bbox 1218 2483 1271 2528; x_wconf 89' lang='lat' dir='ltr'><strong>sc-</strong></span> 
     </span>
     <span class='ocr_line' id='line_1_26' title="bbox 141 2547 1271 2633; baseline -0.002 -19"><span class='ocrx_word' id='word_1_188' title='bbox 141 2549 258 2616; x_wconf 90' lang='lat' dir='ltr'><strong>ductus</strong></span> <span class='ocrx_word' id='word_1_189' title='bbox 278 2554 329 2614; x_wconf 89' lang='lat' dir='ltr'><strong>ost</strong></span> <span class='ocrx_word' id='word_1_190' title='bbox 353 2548 460 2614; x_wconf 89' lang='lat' dir='ltr'><strong>verbis</strong></span> <span class='ocrx_word' id='word_1_191' title='bbox 489 2547 673 2614; x_wconf 88' lang='lat' dir='ltr'><strong>Wolfianis.</strong></span> <span class='ocrx_word' id='word_1_192' title='bbox 721 2549 860 2614; x_wconf 87' lang='lat' dir='ltr'><strong>Praeter</strong></span> <span class='ocrx_word' id='word_1_193' title='bbox 887 2548 1150 2633; x_wconf 87' lang='lat' dir='ltr'><strong>probabilitatem</strong></span> <span class='ocrx_word' id='word_1_194' title='bbox 1180 2548 1271 2614; x_wconf 90' lang='lat' dir='ltr'><strong>cuim</strong></span> 
     </span>
     <span class='ocr_line' id='line_1_27' title="bbox 141 2633 1272 2719; baseline -0.002 -18"><span class='ocrx_word' id='word_1_195' title='bbox 141 2642 251 2701; x_wconf 83' lang='lat' dir='ltr'><strong>censet</strong></span> <span class='ocrx_word' id='word_1_196' title='bbox 284 2633 479 2700; x_wconf 81' lang='lat' dir='ltr'><strong>vocabulum</strong></span> <span class='ocrx_word' id='word_1_197' title='bbox 514 2634 715 2700; x_wconf 90' lang='lat' dir='ltr'><strong>auctoritatis</strong></span> <span class='ocrx_word' id='word_1_198' title='bbox 751 2634 917 2713; x_wconf 84' lang='lat' dir='ltr'><strong>„ordinem</strong></span> <span class='ocrx_word' id='word_1_199' title='bbox 951 2635 1170 2702; x_wconf 85' lang='lat' dir='ltr'><strong>senatorium“</strong></span> <span class='ocrx_word' id='word_1_200' title='bbox 1202 2634 1272 2719; x_wconf 87' lang='lat' dir='ltr'><strong>sig·</strong></span> 
     </span>
     <span class='ocr_line' id='line_1_28' title="bbox 140 2719 1272 2803; baseline -0.001 -17"><span class='ocrx_word' id='word_1_201' title='bbox 140 2720 274 2787; x_wconf 90' lang='lat' dir='ltr'><strong>nificare</strong></span> <span class='ocrx_word' id='word_1_202' title='bbox 304 2727 336 2785; x_wconf 89' lang='lat' dir='ltr'><strong>et</strong></span> <span class='ocrx_word' id='word_1_203' title='bbox 360 2720 395 2784; x_wconf 93' lang='lat' dir='ltr'><strong>id</strong></span> <span class='ocrx_word' id='word_1_204' title='bbox 428 2721 606 2786; x_wconf 89' lang='lat' dir='ltr'><strong>arbitratur</strong></span> <span class='ocrx_word' id='word_1_205' title='bbox 631 2719 825 2788; x_wconf 80' lang='lat' dir='ltr'><strong>(liosronem</strong></span> <span class='ocrx_word' id='word_1_206' title='bbox 857 2721 964 2787; x_wconf 89' lang='lat' dir='ltr'><strong>dicere</strong></span> <span class='ocrx_word' id='word_1_207' title='bbox 993 2720 1146 2802; x_wconf 84' lang='lat' dir='ltr'><strong>voluisse,</strong></span> <span class='ocrx_word' id='word_1_208' title='bbox 1175 2741 1272 2803; x_wconf 88' lang='lat' dir='ltr'><strong>„pro-</strong></span> 
     </span>
     <span class='ocr_line' id='line_1_29' title="bbox 140 2806 1273 2891; baseline 0 -20"><span class='ocrx_word' id='word_1_209' title='bbox 140 2806 270 2890; x_wconf 88' lang='lat' dir='ltr'><strong>pediem</strong></span> <span class='ocrx_word' id='word_1_210' title='bbox 293 2814 442 2872; x_wconf 88' lang='lat' dir='ltr'><strong>senatum</strong></span> <span class='ocrx_word' id='word_1_211' title='bbox 466 2806 523 2871; x_wconf 92' lang='lat' dir='ltr'><strong>illa</strong></span> <span class='ocrx_word' id='word_1_212' title='bbox 543 2807 682 2890; x_wconf 86' lang='lat' dir='ltr'><strong>pristina</strong></span> <span class='ocrx_word' id='word_1_213' title='bbox 704 2816 737 2873; x_wconf 91' lang='lat' dir='ltr'><strong>et</strong></span> <span class='ocrx_word' id='word_1_214' title='bbox 764 2809 899 2891; x_wconf 88' lang='lat' dir='ltr'><strong>antiqua</strong></span> <span class='ocrx_word' id='word_1_215' title='bbox 928 2808 1120 2875; x_wconf 87' lang='lat' dir='ltr'><strong>auctoritato</strong></span> <span class='ocrx_word' id='word_1_216' title='bbox 1142 2807 1213 2872; x_wconf 88' lang='lat' dir='ltr'><strong>fore</strong></span> <span class='ocrx_word' id='word_1_217' title='bbox 1234 2807 1273 2870; x_wconf 91' lang='lat' dir='ltr'><strong>in</strong></span> 
     </span>
     <span class='ocr_line' id='line_1_30' title="bbox 143 2890 1274 2972; baseline 0.001 -15"><span class='ocrx_word' id='word_1_218' title='bbox 143 2891 304 2957; x_wconf 91' lang='lat' dir='ltr'><strong>maiorum</strong></span> <span class='ocrx_word' id='word_1_219' title='bbox 337 2897 371 2957; x_wconf 89' lang='lat' dir='ltr'><strong>et</strong></span> <span class='ocrx_word' id='word_1_220' title='bbox 402 2892 469 2957; x_wconf 91' lang='lat' dir='ltr'><strong>suis</strong></span> <span class='ocrx_word' id='word_1_221' title='bbox 501 2891 662 2960; x_wconf 83' lang='lat' dir='ltr'><strong>sedibus“.</strong></span> <span class='ocrx_word' id='word_1_222' title='bbox 711 2892 799 2958; x_wconf 92' lang='lat' dir='ltr'><strong>Illud</strong></span> <span class='ocrx_word' id='word_1_223' title='bbox 836 2900 1007 2972; x_wconf 85' lang='lat' dir='ltr'><strong>„suorum“</strong></span> <span class='ocrx_word' id='word_1_224' title='bbox 1039 2899 1150 2959; x_wconf 90' lang='lat' dir='ltr'><strong>autem</strong></span> <span class='ocrx_word' id='word_1_225' title='bbox 1179 2890 1274 2959; x_wconf 88' lang='lat' dir='ltr'><strong>addit</strong></span> 
     </span>
     <span class='ocr_line' id='line_1_31' title="bbox 143 2979 1334 3064; baseline 0.001 -21"><span class='ocrx_word' id='word_1_226' title='bbox 143 2984 301 3044; x_wconf 90' lang='lat' dir='ltr'><strong>nontam</strong></span> <span class='ocrx_word' id='word_1_227' title='bbox 324 2999 436 3044; x_wconf 89' lang='lat' dir='ltr'><strong>vocem</strong></span> <span class='ocrx_word' id='word_1_228' title='bbox 461 2979 699 3057; x_wconf 87' lang='lat' dir='ltr'><strong>„auctoritatis“</strong></span> <span class='ocrx_word' id='word_1_229' title='bbox 726 2979 896 3063; x_wconf 84' lang='lat' dir='ltr'><strong>respicere,</strong></span> <span class='ocrx_word' id='word_1_230' title='bbox 927 3001 1024 3064; x_wconf 88' lang='lat' dir='ltr'><strong>quam</strong></span> <span class='ocrx_word' id='word_1_231' title='bbox 1046 3001 1202 3063; x_wconf 90' lang='lat' dir='ltr'><strong>personas</strong></span> <span class='ocrx_word' id='word_1_232' title='bbox 1232 2998 1272 3044; x_wconf 89' lang='lat' dir='ltr'><strong>co</strong></span> <span class='ocrx_word' id='word_1_233' title='bbox 1332 3016 1334 3019; x_wconf 31' lang='grc' dir='ltr'><strong>ν</strong></span> 
     </span>
     <span class='ocr_line' id='line_1_32' title="bbox 146 3062 1152 3148; baseline -0.001 -17"><span class='ocrx_word' id='word_1_234' title='bbox 146 3063 302 3131; x_wconf 79' lang='lat' dir='ltr'><strong>vocabulo</strong></span> <span class='ocrx_word' id='word_1_235' title='bbox 325 3062 519 3148; x_wconf 88' lang='lat' dir='ltr'><strong>designatas.</strong></span> <span class='ocrx_word' id='word_1_236' title='bbox 1149 3094 1152 3098; x_wconf 33' lang='lat' dir='ltr'>v</span> 
     </span>
    </p>

    <p class='ocr_par' dir='ltr' id='par_1_4' title="bbox 142 3149 1276 4007">
     <span class='ocr_line' id='line_1_33' title="bbox 227 3149 1274 3234; baseline 0.001 -20"><span class='ocrx_word' id='word_1_237' title='bbox 227 3149 353 3215; x_wconf 90' lang='lat' dir='ltr'><strong>Neuter</strong></span> <span class='ocrx_word' id='word_1_238' title='bbox 374 3171 487 3217; x_wconf 81' lang='lat' dir='ltr'><strong>verum</strong></span> <span class='ocrx_word' id='word_1_239' title='bbox 510 3151 685 3234; x_wconf 86' lang='lat' dir='ltr'><strong>perspexit.</strong></span> <span class='ocrx_word' id='word_1_240' title='bbox 729 3153 782 3217; x_wconf 89' lang='lat' dir='ltr'><strong>Do</strong></span> <span class='ocrx_word' id='word_1_241' title='bbox 804 3159 919 3217; x_wconf 87' lang='lat' dir='ltr'><strong>senatu</strong></span> <span class='ocrx_word' id='word_1_242' title='bbox 941 3153 974 3217; x_wconf 90' lang='lat' dir='ltr'><strong>h.</strong></span> <span class='ocrx_word' id='word_1_243' title='bbox 997 3151 1017 3217; x_wconf 97' lang='lat' dir='ltr'><strong>l.</strong></span> <span class='ocrx_word' id='word_1_244' title='bbox 1048 3153 1181 3216; x_wconf 91' lang='lat' dir='ltr'><strong>omnino</strong></span> <span class='ocrx_word' id='word_1_245' title='bbox 1203 3170 1274 3216; x_wconf 91' lang='lat' dir='ltr'><strong>non</strong></span> 
     </span>
     <span class='ocr_line' id='line_1_34' title="bbox 143 3235 1272 3321; baseline 0.002 -23"><span class='ocrx_word' id='word_1_246' title='bbox 143 3235 278 3320; x_wconf 84' lang='lat' dir='ltr'><strong>cogitari</strong></span> <span class='ocrx_word' id='word_1_247' title='bbox 312 3241 426 3318; x_wconf 89' lang='lat' dir='ltr'><strong>potest.</strong></span> <span class='ocrx_word' id='word_1_248' title='bbox 469 3236 640 3319; x_wconf 90' lang='lat' dir='ltr'><strong>Nusquam</strong></span> <span class='ocrx_word' id='word_1_249' title='bbox 672 3236 761 3301; x_wconf 87' lang='lat' dir='ltr'><strong>enim</strong></span> <span class='ocrx_word' id='word_1_250' title='bbox 794 3237 830 3302; x_wconf 94' lang='lat' dir='ltr'><strong>in</strong></span> <span class='ocrx_word' id='word_1_251' title='bbox 863 3238 925 3318; x_wconf 90' lang='lat' dir='ltr'><strong>eis,</strong></span> <span class='ocrx_word' id='word_1_252' title='bbox 959 3259 1042 3321; x_wconf 88' lang='lat' dir='ltr'><strong>quae</strong></span> <span class='ocrx_word' id='word_1_253' title='bbox 1064 3237 1272 3315; x_wconf 84' lang='lat' dir='ltr'><strong>antecedunt,</strong></span> 
     </span>
     <span class='ocr_line' id='line_1_35' title="bbox 144 3320 1274 3408; baseline 0.003 -23"><span class='ocrx_word' id='word_1_254' title='bbox 144 3320 242 3387; x_wconf 90' lang='lat' dir='ltr'><strong>huius</strong></span> <span class='ocrx_word' id='word_1_255' title='bbox 264 3321 387 3388; x_wconf 91' lang='lat' dir='ltr'><strong>ordinis</strong></span> <span class='ocrx_word' id='word_1_256' title='bbox 409 3323 533 3388; x_wconf 84' lang='lat' dir='ltr'><strong>mentio</strong></span> <span class='ocrx_word' id='word_1_257' title='bbox 554 3324 601 3402; x_wconf 89' lang='lat' dir='ltr'><strong>fit,</strong></span> <span class='ocrx_word' id='word_1_258' title='bbox 625 3323 786 3405; x_wconf 88' lang='lat' dir='ltr'><strong>usquein</strong></span> <span class='ocrx_word' id='word_1_259' title='bbox 808 3325 987 3406; x_wconf 85' lang='lat' dir='ltr'><strong>posteriore</strong></span> <span class='ocrx_word' id='word_1_260' title='bbox 999 3323 1155 3389; x_wconf 88' lang='lat' dir='ltr'><strong>orationis</strong></span> <span class='ocrx_word' id='word_1_261' title='bbox 1177 3329 1274 3408; x_wconf 86' lang='lat' dir='ltr'><strong>parta</strong></span> 
     </span>
     <span class='ocr_line' id='line_1_36' title="bbox 144 3405 1274 3492; baseline 0.002 -20"><span class='ocrx_word' id='word_1_262' title='bbox 144 3405 322 3491; x_wconf 89' lang='lat' dir='ltr'><strong>quidquam</strong></span> <span class='ocrx_word' id='word_1_263' title='bbox 341 3408 521 3488; x_wconf 80' lang='lat' dir='ltr'><strong>invenitur,</strong></span> <span class='ocrx_word' id='word_1_264' title='bbox 544 3407 631 3474; x_wconf 85' lang='lat' dir='ltr'><strong>unde</strong></span> <span class='ocrx_word' id='word_1_265' title='bbox 660 3408 768 3492; x_wconf 86' lang='lat' dir='ltr'><strong>colligi</strong></span> <span class='ocrx_word' id='word_1_266' title='bbox 796 3410 900 3492; x_wconf 91' lang='lat' dir='ltr'><strong>possit</strong></span> <span class='ocrx_word' id='word_1_267' title='bbox 931 3410 1210 3489; x_wconf 47' lang='lat' dir='ltr'><strong>„auctoritatsm‘t</strong></span> <span class='ocrx_word' id='word_1_268' title='bbox 1232 3407 1274 3474; x_wconf 88' lang='lat' dir='ltr'><strong>de</strong></span> 
     </span>
     <span class='ocr_line' id='line_1_37' title="bbox 146 3493 1275 3578; baseline 0.003 -21"><span class='ocrx_word' id='word_1_269' title='bbox 146 3495 350 3560; x_wconf 89' lang='lat' dir='ltr'><strong>senatoribus</strong></span> <span class='ocrx_word' id='word_1_270' title='bbox 368 3493 496 3576; x_wconf 17' lang='lat' dir='ltr'><strong>dictam,</strong></span> <span class='ocrx_word' id='word_1_271' title='bbox 511 3514 589 3560; x_wconf 85' lang='lat' dir='ltr'><strong>esse.</strong></span> <span class='ocrx_word' id='word_1_272' title='bbox 634 3494 725 3559; x_wconf 91' lang='lat' dir='ltr'><strong>Nihil</strong></span> <span class='ocrx_word' id='word_1_273' title='bbox 747 3493 870 3562; x_wconf 89' lang='lat' dir='ltr'><strong>fecorat</strong></span> <span class='ocrx_word' id='word_1_274' title='bbox 889 3495 947 3561; x_wconf 91' lang='lat' dir='ltr'><strong>illo</strong></span> <span class='ocrx_word' id='word_1_275' title='bbox 973 3495 1025 3561; x_wconf 90' lang='lat' dir='ltr'><strong>die</strong></span> <span class='ocrx_word' id='word_1_276' title='bbox 1053 3495 1185 3574; x_wconf 83' lang='lat' dir='ltr'><strong>Cacsar,</strong></span> <span class='ocrx_word' id='word_1_277' title='bbox 1207 3514 1275 3578; x_wconf 87' lang='lat' dir='ltr'><strong>quo</strong></span> 
     </span>
     <span class='ocr_line' id='line_1_38' title="bbox 144 3577 1274 3664; baseline 0.001 -20"><span class='ocrx_word' id='word_1_278' title='bbox 144 3577 258 3645; x_wconf 79' lang='lat' dir='ltr'><strong>Cicero</strong></span> <span class='ocrx_word' id='word_1_279' title='bbox 280 3580 404 3662; x_wconf 90' lang='lat' dir='ltr'><strong>impelli</strong></span> <span class='ocrx_word' id='word_1_280' title='bbox 426 3586 545 3663; x_wconf 85' lang='lat' dir='ltr'><strong>posset,</strong></span> <span class='ocrx_word' id='word_1_281' title='bbox 567 3586 605 3644; x_wconf 90' lang='lat' dir='ltr'><strong>ut</strong></span> <span class='ocrx_word' id='word_1_282' title='bbox 627 3578 756 3661; x_wconf 90' lang='lat' dir='ltr'><strong>diceret,</strong></span> <span class='ocrx_word' id='word_1_283' title='bbox 774 3579 868 3648; x_wconf 78' lang='lat' dir='ltr'><strong>brevi</strong></span> <span class='ocrx_word' id='word_1_284' title='bbox 879 3582 956 3661; x_wconf 88' lang='lat' dir='ltr'><strong>foro,</strong></span> <span class='ocrx_word' id='word_1_285' title='bbox 976 3590 1014 3646; x_wconf 92' lang='lat' dir='ltr'><strong>ut</strong></span> <span class='ocrx_word' id='word_1_286' title='bbox 1025 3581 1167 3664; x_wconf 86' lang='lat' dir='ltr'><strong>dignitas</strong></span> <span class='ocrx_word' id='word_1_287' title='bbox 1178 3601 1274 3647; x_wconf 86' lang='lat' dir='ltr'><strong>sena·</strong></span> 
     </span>
     <span class='ocr_line' id='line_1_39' title="bbox 142 3665 1275 3749; baseline 0.003 -20"><span class='ocrx_word' id='word_1_288' title='bbox 142 3670 260 3744; x_wconf 87' lang='lat' dir='ltr'><strong>torum,</strong></span> <span class='ocrx_word' id='word_1_289' title='bbox 284 3666 355 3748; x_wconf 90' lang='lat' dir='ltr'><strong>(qui</strong></span> <span class='ocrx_word' id='word_1_290' title='bbox 376 3665 444 3730; x_wconf 91' lang='lat' dir='ltr'><strong>iam</strong></span> <span class='ocrx_word' id='word_1_291' title='bbox 466 3670 560 3730; x_wconf 90' lang='lat' dir='ltr'><strong>orant</strong></span> <span class='ocrx_word' id='word_1_292' title='bbox 585 3665 621 3729; x_wconf 89' lang='lat' dir='ltr'><strong>in</strong></span> <span class='ocrx_word' id='word_1_293' title='bbox 641 3667 802 3732; x_wconf 89' lang='lat' dir='ltr'><strong>maiorum</strong></span> <span class='ocrx_word' id='word_1_294' title='bbox 824 3688 958 3733; x_wconf 90' lang='lat' dir='ltr'><strong>suorum</strong></span> <span class='ocrx_word' id='word_1_295' title='bbox 981 3675 1014 3733; x_wconf 88' lang='lat' dir='ltr'><strong>ot</strong></span> <span class='ocrx_word' id='word_1_296' title='bbox 1036 3668 1104 3733; x_wconf 89' lang='lat' dir='ltr'><strong>suis</strong></span> <span class='ocrx_word' id='word_1_297' title='bbox 1126 3666 1275 3749; x_wconf 87' lang='lat' dir='ltr'><strong>sedibus)</strong></span> 
     </span>
     <span class='ocr_line' id='line_1_40' title="bbox 144 3751 1276 3835; baseline 0.002 -21"><span class='ocrx_word' id='word_1_298' title='bbox 144 3751 242 3815; x_wconf 87' lang='lat' dir='ltr'><strong>etiam</strong></span> <span class='ocrx_word' id='word_1_299' title='bbox 261 3751 522 3835; x_wconf 83' lang='lat' dir='ltr'><strong>amplificaretur.</strong></span> <span class='ocrx_word' id='word_1_300' title='bbox 557 3788 600 3799; x_wconf 88' lang='lat'>-</span> <span class='ocrx_word' id='word_1_301' title='bbox 633 3752 682 3817; x_wconf 90' lang='lat' dir='ltr'><strong>Ac</strong></span> <span class='ocrx_word' id='word_1_302' title='bbox 704 3753 848 3835; x_wconf 85' lang='lat' dir='ltr'><strong>profecto</strong></span> <span class='ocrx_word' id='word_1_303' title='bbox 877 3753 976 3820; x_wconf 93' lang='lat' dir='ltr'><strong>nimis</strong></span> <span class='ocrx_word' id='word_1_304' title='bbox 1003 3760 1153 3820; x_wconf 88' lang='lat' dir='ltr'><strong>contorta</strong></span> <span class='ocrx_word' id='word_1_305' title='bbox 1179 3753 1276 3818; x_wconf 86' lang='lat' dir='ltr'><strong>lieret</strong></span> 
     </span>
     <span class='ocr_line' id='line_1_41' title="bbox 143 3835 1275 3922; baseline 0.003 -22"><span class='ocrx_word' id='word_1_306' title='bbox 143 3835 260 3902; x_wconf 87' lang='lat' dir='ltr'><strong>relatio</strong></span> <span class='ocrx_word' id='word_1_307' title='bbox 283 3836 457 3903; x_wconf 88' lang='lat' dir='ltr'><strong>verborum</strong></span> <span class='ocrx_word' id='word_1_308' title='bbox 482 3837 568 3915; x_wconf 87' lang='lat' dir='ltr'><strong>„suis</strong></span> <span class='ocrx_word' id='word_1_309' title='bbox 580 3843 613 3901; x_wconf 88' lang='lat' dir='ltr'><strong>et</strong></span> <span class='ocrx_word' id='word_1_310' title='bbox 634 3845 787 3904; x_wconf 89' lang='lat' dir='ltr'><strong>suorum“</strong></span> <span class='ocrx_word' id='word_1_311' title='bbox 812 3839 853 3904; x_wconf 90' lang='lat' dir='ltr'><strong>ad</strong></span> <span class='ocrx_word' id='word_1_312' title='bbox 866 3846 1016 3906; x_wconf 87' lang='lat' dir='ltr'><strong>sonatum</strong></span> <span class='ocrx_word' id='word_1_313' title='bbox 1034 3859 1093 3922; x_wconf 93' lang='lat' dir='ltr'><strong>pro</strong></span> <span class='ocrx_word' id='word_1_314' title='bbox 1111 3837 1275 3905; x_wconf 88' lang='lat' dir='ltr'><strong>candidis·</strong></span> 
     </span>
     <span class='ocr_line' id='line_1_42' title="bbox 145 3920 1192 4007; baseline 0.005 -21"><span class='ocrx_word' id='word_1_315' title='bbox 145 3921 228 3987; x_wconf 88' lang='lat' dir='ltr'><strong>simo</strong></span> <span class='ocrx_word' id='word_1_316' title='bbox 250 3920 419 3988; x_wconf 81' lang='lat' dir='ltr'><strong>Ciceronis</strong></span> <span class='ocrx_word' id='word_1_317' title='bbox 444 3943 563 4007; x_wconf 81' lang='lat' dir='ltr'><strong>genero</strong></span> <span class='ocrx_word' id='word_1_318' title='bbox 586 3923 758 4003; x_wconf 89' lang='lat' dir='ltr'><strong>scribendi,</strong></span> <span class='ocrx_word' id='word_1_319' title='bbox 780 3931 816 3989; x_wconf 93' lang='lat' dir='ltr'><strong>ut</strong></span> <span class='ocrx_word' id='word_1_320' title='bbox 837 3925 954 3990; x_wconf 92' lang='lat' dir='ltr'><strong>Wolfii</strong></span> <span class='ocrx_word' id='word_1_321' title='bbox 977 3925 1085 3992; x_wconf 87' lang='lat' dir='ltr'><strong>verbis</strong></span> <span class='ocrx_word' id='word_1_322' title='bbox 1107 3933 1192 3991; x_wconf 86' lang='lat' dir='ltr'><strong>utar.</strong></span> 
     </span>
    </p>

    <p class='ocr_par' dir='ltr' id='par_1_5' title="bbox 144 4007 1277 4348">
     <span class='ocr_line' id='line_1_43' title="bbox 230 4007 1276 4095; baseline 0.001 -23"><span class='ocrx_word' id='word_1_323' title='bbox 230 4007 335 4072; x_wconf 89' lang='lat' dir='ltr'><strong>Miror</strong></span> <span class='ocrx_word' id='word_1_324' title='bbox 355 4009 465 4092; x_wconf 88' lang='lat' dir='ltr'><strong>igitur,</strong></span> <span class='ocrx_word' id='word_1_325' title='bbox 489 4008 573 4092; x_wconf 89' lang='lat' dir='ltr'><strong>quod</strong></span> <span class='ocrx_word' id='word_1_326' title='bbox 598 4009 774 4076; x_wconf 85' lang='lat' dir='ltr'><strong>doctissimi</strong></span> <span class='ocrx_word' id='word_1_327' title='bbox 798 4011 859 4076; x_wconf 91' lang='lat' dir='ltr'><strong>viri</strong></span> <span class='ocrx_word' id='word_1_328' title='bbox 883 4018 950 4076; x_wconf 85' lang='lat' dir='ltr'><strong>tam</strong></span> <span class='ocrx_word' id='word_1_329' title='bbox 973 4012 1114 4095; x_wconf 91' lang='lat' dir='ltr'><strong>spinosis</strong></span> <span class='ocrx_word' id='word_1_330' title='bbox 1144 4018 1276 4076; x_wconf 88' lang='lat' dir='ltr'><strong>senten·</strong></span> 
     </span>
     <span class='ocr_line' id='line_1_44' title="bbox 144 4091 1276 4179; baseline 0.005 -23"><span class='ocrx_word' id='word_1_331' title='bbox 144 4091 200 4157; x_wconf 90' lang='lat' dir='ltr'><strong>tiis</strong></span> <span class='ocrx_word' id='word_1_332' title='bbox 222 4093 399 4160; x_wconf 80' lang='lat' dir='ltr'><strong>subvenire</strong></span> <span class='ocrx_word' id='word_1_333' title='bbox 421 4096 526 4159; x_wconf 86' lang='lat' dir='ltr'><strong>conati</strong></span> <span class='ocrx_word' id='word_1_334' title='bbox 550 4103 628 4161; x_wconf 90' lang='lat' dir='ltr'><strong>sunt</strong></span> <span class='ocrx_word' id='word_1_335' title='bbox 649 4095 728 4174; x_wconf 91' lang='lat' dir='ltr'><strong>loco,</strong></span> <span class='ocrx_word' id='word_1_336' title='bbox 750 4096 785 4160; x_wconf 93' lang='lat' dir='ltr'><strong>in</strong></span> <span class='ocrx_word' id='word_1_337' title='bbox 808 4118 870 4179; x_wconf 90' lang='lat' dir='ltr'><strong>quo</strong></span> <span class='ocrx_word' id='word_1_338' title='bbox 890 4098 972 4161; x_wconf 92' lang='lat' dir='ltr'><strong>nihil</strong></span> <span class='ocrx_word' id='word_1_339' title='bbox 991 4099 1078 4164; x_wconf 91' lang='lat' dir='ltr'><strong>inest</strong></span> <span class='ocrx_word' id='word_1_340' title='bbox 1099 4095 1276 4162; x_wconf 82' lang='lat' dir='ltr'><strong>difficulta-</strong></span> 
     </span>
     <span class='ocr_line' id='line_1_45' title="bbox 144 4177 1277 4266; baseline 0.004 -25"><span class='ocrx_word' id='word_1_341' title='bbox 144 4177 197 4244; x_wconf 85' lang='lat' dir='ltr'><strong>tis.</strong></span> <span class='ocrx_word' id='word_1_342' title='bbox 241 4178 314 4244; x_wconf 86' lang='lat' dir='ltr'><strong>Iam</strong></span> <span class='ocrx_word' id='word_1_343' title='bbox 334 4179 498 4246; x_wconf 89' lang='lat' dir='ltr'><strong>Abramus</strong></span> <span class='ocrx_word' id='word_1_344' title='bbox 519 4188 607 4247; x_wconf 90' lang='lat' dir='ltr'><strong>recte</strong></span> <span class='ocrx_word' id='word_1_345' title='bbox 629 4181 823 4248; x_wconf 88' lang='lat' dir='ltr'><strong>vccabulum</strong></span> <span class='ocrx_word' id='word_1_346' title='bbox 848 4183 1090 4262; x_wconf 84' lang='lat' dir='ltr'><strong>„auctoritatis“</strong></span> <span class='ocrx_word' id='word_1_347' title='bbox 1113 4181 1277 4266; x_wconf 83' lang='lat' dir='ltr'><strong>intorpre-</strong></span> 
     </span>
     <span class='ocr_line' id='line_1_46' title="bbox 144 4267 1277 4348; baseline 0.005 -20"><span class='ocrx_word' id='word_1_348' title='bbox 144 4268 234 4329; x_wconf 89' lang='lat' dir='ltr'><strong>tatus</strong></span> <span class='ocrx_word' id='word_1_349' title='bbox 256 4273 316 4347; x_wconf 86' lang='lat' dir='ltr'><strong>est,</strong></span> <span class='ocrx_word' id='word_1_350' title='bbox 339 4288 414 4333; x_wconf 89' lang='lat' dir='ltr'><strong>oum</strong></span> <span class='ocrx_word' id='word_1_351' title='bbox 436 4267 498 4334; x_wconf 93' lang='lat' dir='ltr'><strong>loci</strong></span> <span class='ocrx_word' id='word_1_352' title='bbox 520 4268 607 4333; x_wconf 87' lang='lat' dir='ltr'><strong>hano</strong></span> <span class='ocrx_word' id='word_1_353' title='bbox 636 4289 709 4335; x_wconf 86' lang='lat' dir='ltr'><strong>essa</strong></span> <span class='ocrx_word' id='word_1_354' title='bbox 740 4270 937 4334; x_wconf 87' lang='lat' dir='ltr'><strong>sententiam</strong></span> <span class='ocrx_word' id='word_1_355' title='bbox 972 4269 1071 4335; x_wconf 85' lang='lat' dir='ltr'><strong>dixit:</strong></span> <span class='ocrx_word' id='word_1_356' title='bbox 1108 4268 1277 4348; x_wconf 83' lang='lat' dir='ltr'><strong>,Parietes</strong></span> 
     </span>
    </p>
   </div>
   <div class='ocr_carea' id='block_1_3' title="bbox 0 0 1421 4822">
    <p class='ocr_par' dir='ltr' id='par_1_6' title="bbox 0 0 1421 4822">
     <span class='ocr_line' id='line_1_47' title="bbox 0 0 1421 4822; baseline 0 0"><span class='ocrx_word' id='word_1_357' title='bbox 0 0 1421 4822; x_wconf 95' lang='lat' dir='ltr'><strong> </strong></span> 
     </span>
    </p>
   </div>
  </div>
 </body>
</html>
