2820 4822
626 318 775 380 ...pm

137 487 277 571 experti,
300 488 353 556 vel
374 489 533 572 magistro
557 488 653 554 611661
675 510 717 553 ex
739 485 852 555 eorum
874 510 1020 567 numero,
1044 511 1124 574 quos
1146 488 1269 556 61116-

137 573 229 659 gusti
264 573 472 659 imperatoris
512 573 713 659 temporibus
752 578 785 639 61
821 583 933 658 postea
969 575 1070 660 vulgo
1102 576 1271 642 Ciceronis

137 659 328 744 exemplum
357 668 395 726 61
425 660 557 726 imitatu
587 660 780 727 facillimum
813 661 848 726 in
880 660 966 726 ludis
999 661 1206 746 proposuisse
1238 672 1272 727 61

137 745 229 828 ipsos
250 745 395 813 imitatos
424 767 495 812 6666
523 745 638 812 dooere
666 752 700 811 et
732 749 944 832 comprobare
974 747 1094 814 studet.
1142 747 1270 826 Nescio,

138 831 221 916 quid
243 832 299 897 alii
321 833 383 898 hac
404 832 444 898 de
467 834 627 898 sententia
645 833 799 912 iudicent,
816 833 899 897 mihi
918 832 1048 914 quidem
1062 834 1194 899 omnino
1206 855 1270 899 non

137 917 317 1001 probabilis
346 939 417 984 esse
449 926 483 984 et
516 939 631 1002 parum
665 918 769 984 firmis
802 919 861 983 niti
896 917 1027 986 videtur
1059 921 1271 1003 argumentis.

137 1001 228 1070 Nam
249 1024 412 1088 perpauca
432 1013 466 1070 et
488 1004 557 1071 fere
579 1004 672 1069 nulla
694 1027 735 1069 ex
757 1004 815 1070 illa
845 1011 950 1070 661616
979 1004 1020 1070 ad
1049 1015 1164 1071 nostra
1190 1014 1271 1071 tem·

138 1109 220 1173 pora
242 1098 465 1174 pervenerunt
486 1090 576 1156 illius
600 1090 851 1157 declamatoriae
874 1090 955 1156 artis
982 1098 1205 1169 monumenta,
1226 1091 1272 1156 ita

138 1181 179 1241 61
201 1174 383 1242 audacioris
404 1176 587 1260 putandum
610 1177 662 1255 611,
685 1176 954 1242 scholasticorum
985 1176 1117 1243 illorum
1146 1177 1272 1243 ratione

139 1282 207 1327 non
230 1262 310 1328 66116
332 1263 474 1347 cognita,
497 1270 554 1328 661
576 1271 755 1346 perspecta,
778 1263 864 1329 hanc
886 1280 951 1327 tarn
975 1263 1181 1346 splendidam
1199 1283 1278 1328 616-Ι

139 1349 266 1412 tionem
289 1349 347 1414 uni
371 1368 412 1413 ex
434 1349 482 1414 eis
509 1347 684 1414 vindicare.
738 1348 831 1430 Quae
864 1369 938 1413 cum
971 1350 1020 1414 ita
1052 1351 1129 1429 sint,
1162 1370 1272 1414 66666

140 1433 246 1499 661166
267 1455 338 1500 6666
360 1434 499 1514 videtur,
523 1435 584 1502 hac
607 1435 647 1499 de
669 1457 704 1500 re
726 1435 879 1500 assentiri
901 1435 1062 1501 Asconio?
1085 1436 1151 1501 Hic
1173 1435 1272 1514 enim,

139 1540 239 1604 quem
262 1520 480 1604 quadraginta
501 1522 569 1586 fere
598 1520 694 1586 66616
726 1530 800 1604 post
829 1520 1021 1586 Ciceronem
1056 1530 1168 1586 natum
1202 1541 1273 1586 6666

140 1604 319 1672 admodum
352 1606 530 1671 verisimile
563 1615 665 1672 66161
688 1609 792 1689 spatio
815 1607 1026 1691 septuaginta
1043 1627 1204 1672 annorum
1222 1607 1273 1673 in·

140 1692 277 1758 terieeto
309 1693 598 1758 commentationes
630 1692 705 1758 11166
745 1693 976 1775 conscripsisse
1005 1699 1140 1771 constat,
1176 1713 1274 1775 opera

141 1797 266 1855 eorum,
299 1779 436 1861 666616
459 1778 576 1844 umbra
597 1778 748 1844 ludorum
771 1779 913 1844 Wolfius
941 1789 1053 1845 censet
1079 1785 1275 1863 argumenta

141 1863 336 1947 antiquioris
359 1864 432 1930 aevi
454 1865 494 1930 ad
517 1886 666 1930 normam
691 1871 837 1930 veterum
861 1872 1026 1930 oratorum
1049 1865 1274 1947 imprimisque

140 1949 312 2016 Ciceronis
346 1959 573 2034 pertractasse,
613 1951 791 2034 perlegisse
831 1957 863 2016 61
895 1950 1004 2032 666116
1037 1959 1153 2030 666661,
1188 1952 1272 2016 1666

141 2035 279 2102 scivisse
300 2035 467 2120 putandus
490 2045 547 2102 est.
593 2037 658 2101 Hic
680 2037 790 2120 igitur,
813 2038 840 2101 si
863 2036 1050 2118 quisalius,
1080 2047 1175 2119 aptus
1200 2043 1273 2101 erat

142 2119 184 2187 ad
208 2142 322 2188 verum
344 2122 550 2206 splendorem
573 2123 740 2188 Ciceronis
763 2145 782 2188 a
804 2123 911 2209 fucato
941 2122 1113 2203 splendore
1139 2122 1272 2186 illorum

141 2208 315 2273 hominum
338 2231 398 2275 sua
419 2209 574 2292 opuscula
596 2209 768 2274 sententiis
789 2219 821 2273 et
845 2208 951 2274 verbis
974 2207 1134 2273 Tullianis
1157 2207 1272 2274 distin·

142 2295 323 2378 guertium,
363 2295 615 2360 discernendum
656 2305 689 2359 61
729 2296 784 2360 vix
827 2294 988 2359 eiusmodi
1020 2293 1134 2359 fraude
1168 2293 1274 2376 decipi

145 2380 261 2464 potuit.
305 2379 391 2457 Ceio,
411 2381 511 2446 etiam
540 2381 635 2464 plura
667 2382 701 2445 in
736 2381 822 2446 hanc
850 2387 975 2464 partem
1010 2380 1103 2445 facile
1136 2380 1274 2464 proferri

145 2486 248 2550 posse,
272 2466 329 2531 sed
348 2484 473 2545 vercor,
496 2489 537 2532 ne
559 2465 655 2547 γλαῦκ’
675 2470 718 2541 εἰς
735 2465 861 2545 libicos
883 2467 969 2531 ferre
990 2466 1089 2546 dicar,
1113 2488 1188 2532 cum
1209 2467 1274 2532 iam

145 2552 327 2618 Passovius
342 2555 365 2632 ¹)
389 2553 444 2635 qui
478 2550 517 2618 de
547 2553 711 2618 historicis
739 2554 894 2618 orationis
920 2551 1099 2617 rationibus
1129 2574 1188 2636 pro
1216 2573 1275 2617 sna

145 2636 311 2704 iudicandi
333 2639 513 2704 subtilitate
536 2640 696 2720 exposuit,
727 2640 788 2705 hac
818 2639 857 2703 de
886 2660 921 2702 re
950 2638 1063 2722 egerit.
1107 2637 1276 2702 Idunum

147 2730 258 2788 autem
280 2722 475 2788 addiderim:
502 2724 631 2799 „Etiam
654 2733 827 2807 propterea
844 2724 1008 2790 sententia
1029 2744 1049 2788 a
1068 2724 1190 2789 Wolfio
1201 2745 1274 2807 pro·
1323 2801 1324 2805 Ἰ

146 2809 254 2893 posita
276 2831 296 2875 a
318 2810 546 2893 probabilitate
574 2811 751 2875 abhorrere
781 2810 920 2887 videtur,
952 2809 1038 2892 quod
1068 2831 1132 2893 666
1163 2831 1276 2875 eorum

148 2916 219 2961 6666
241 2895 331 2971 66161,
354 2896 410 2978 661
437 2916 502 2959 666
537 2905 651 2979 suopte
684 2896 816 2980 ingenio
851 2895 1014 2961 excellant
1047 2895 1103 2961 ssd
1138 2896 1276 2960 aliorum

146 2981 288 3064 uestigia
308 2991 460 3064 premant
482 2982 592 3063 616666
613 3003 745 3065 prorsus
769 2981 888 3047 addicti
910 2981 985 3059 sint,
1009 2982 1036 3045 61
1058 2981 1135 3064 quid
1154 3001 1275 3045 memo·

147 3066 250 3133 rabile
272 3067 555 3147 elucubraverunt,
577 3068 638 3135 hoc
656 3088 715 3132 666
737 3066 941 3132 dissimulato
964 3067 1095 3131 nomine
1116 3067 1151 3133 16
1168 3067 1277 3150 publi·

147 3172 223 3218 cum
246 3152 351 3231 edere,
375 3160 432 3219 aut
453 3173 535 3236 opus
553 3175 648 3219 suum
671 3155 741 3219 eius
764 3154 878 3218 haberi
909 3151 1000 3229 velle,
1032 3174 1127 3235 quom
1156 3152 1276 3218 imitati

148 3248 236 3304 sunt.
281 3240 332 3305 Ac
353 3239 433 3304 certi
456 3240 533 3304 talis
555 3252 634 3319 erat,
658 3261 754 3323 quem
772 3239 915 3304 Wolfius
938 3246 1104 3303 auctorem
1122 3239 1278 3304 orationis

147 3324 239 3390 111166
262 3324 325 3390 sibi
346 3324 451 3392 finxit.
497 3323 563 3391 seu
582 3327 663 3392 haec
686 3327 855 3391 hactenus.

235 3411 387 3477 Alterum
410 3411 629 3477 testimonium
654 3420 703 3477 est
725 3411 825 3477 Nouii
848 3410 1007 3487 Marcelli,
1030 3410 1085 3491 qui
1105 3409 1146 3475 ad
1164 3430 1278 3476 vocem

149 3497 285 3576 (aemuli
306 3518 336 3579 p.
362 3501 433 3574 239,
458 3501 492 3573 2)
516 3498 596 3563 haec
614 3497 803 3580 adscripsit:
829 3496 912 3573 ,1116
934 3495 1061 3560 aemulo
1084 3502 1182 3577 61666
1204 3496 1277 3560 imi·

149 3591 256 3650 tatere
278 3582 462 3648 studiorum
486 3605 633 3648 meorum
655 3605 693 3648 66
716 3584 883 3649 laborum“
909 3604 938 3647 u.
962 3603 992 3664 p.
1012 3580 1171 3647 Marcello
1197 3589 1223 3657 l,
1248 3586 1276 3645 2.

235 3669 349 3751 Neque
370 3668 424 3734 hic
446 3669 620 3752 quidquam
640 3667 739 3746 addit,
763 3667 849 3734 unde
867 3668 976 3751 colligi
988 3668 1099 3750 possit,
1111 3667 1216 3749 ipsius
1227 3687 1278 3732 66-

150 3760 218 3821 1616
240 3754 341 3819 ullam
364 3754 488 3820 fraudis
520 3756 623 3820 iactae
655 3754 874 3838 suspicionem
907 3754 1017 3819 fuisso.
1073 3753 1141 3817 Nec
1174 3752 1278 3835 magis

149 3840 341 3908 Priscianus
363 3840 527 3907 dubitasse
549 3841 687 3918 videtur,
711 3841 790 3922 6616
813 3840 917 3905 oratio
941 3860 999 3922 pro
1019 3838 1173 3905 Marcello
1191 3845 1278 3903 recte

150 3927 353 3992 tribueretur
369 3925 529 4004 Ciceroni,
548 3947 635 4004 nam,
658 3926 693 3990 ni
712 3928 758 3991 116
776 3938 870 4004 66661,
893 3946 948 3990 666
967 3925 1061 4001 16666,
1081 3945 1160 4006 6666
1179 3944 1221 3986 ex
1239 3945 1278 3988 ea

150 4012 333 4096 exscripsit,
352 4033 418 4077 non
437 4013 508 4076 sine
521 4012 730 4077 adnotatione
749 4012 857 4095 aliqua
875 4011 1048 4076 attulisset.
1078 4011 1170 4075 Haec
1188 4009 1277 4073 onim

150 4097 237 4182 apud
255 4119 331 4163 eum
348 4098 504 4182 leguntur
521 4097 575 4162 lib.
594 4097 657 4163 III.
678 4121 708 4180 p.
729 4103 805 4163 605:
830 4098 910 4162 Tale
927 4105 979 4162 est
997 4095 1083 4179 apud
1097 4096 1162 4161 Cic.
1181 4116 1211 4177 p.
1230 4096 1275 4160 M.

240 4288 270 4356 1)
286 4287 318 4343 r.
336 4254 453 4344 6666.
468 4286 566 4357 opusc.
585 4286 625 4342 er.
646 4285 687 4342 u.
707 4287 740 4342 6.
757 4285 867 4341 Passer.
886 4283 960 4354 urps.
979 4281 1048 4338 rere
1066 4300 1094 4354 p.
1112 4281 1171 4339 666.
1190 4298 1248 4355 sqq.
