2820 4822
628 273 765 336 ..3-

220 445 330 526 Atque
342 441 414 510 ‘hac
436 443 472 508 in
488 454 525 509 re
548 461 621 508 eam
644 441 807 509 rationem
827 442 920 528 sequi
934 448 984 510 est
993 443 1076 509 mihi
1093 443 1130 509 in
1149 444 1269 523 animo,

135 538 173 598 ut
198 529 393 614 priusquam
429 529 470 594 de
497 527 644 594 oratione
670 529 742 613 ipsa
770 528 887 608 dicam,
922 527 963 595 de
992 529 1188 596 testimoniis
1216 528 1270 594 vel

136 615 425 704 grammaticorum
455 615 506 681 vel
546 614 651 700 ipsius
684 614 853 682 Ciceronis
882 615 995 699 paucis
1026 614 1194 693 disseram,
1229 638 1270 678 rx

136 703 256 788 quibus
278 702 462 767 luculenter
492 707 659 786 appareat,
688 701 777 768 hunc
807 709 971 767 oratorem
999 700 1174 785 aliquando
1211 723 1270 784 pro

136 790 184 856 Μ.
207 788 365 855 Marcello
388 788 488 854 verba
509 789 632 867 fecisse,
662 793 695 851 et
724 783 796 852 tum'
827 785 959 853 demum
992 809 1157 871 quaeram,
1190 808 1270 853 num

137 897 196 961 per
218 895 323 959 genus
346 872 474 939 dicendi
495 873 601 951 liceat,
624 881 664 938 ut
685 873 780 954 hanc,
803 894 885 957 quae
914 873 955 939 ad
980 880 1093 940 nostra
1124 882 1271 959 tempora

137 961 333 1047 pervenerit,
355 959 542 1039 orationem,
565 958 703 1024 eandem
726 981 797 1026 esse
818 967 908 1025 recte
930 967 1123 1026 statuamus.

224 1046 338 1111 Primo
369 1046 441 1112 loco
471 1045 601 1113 Asconii
634 1044 776 1111 Pediani
809 1047 1032 1112 testimonium
1066 1044 1272 1112 afferendum

140 1141 204 1212 est3
223 1132 285 1198 hoc
307 1131 396 1196 enim
417 1138 592 1216 propterea
609 1131 746 1198 maximi
767 1132 980 1205 iudicandum
1003 1131 1133 1199 videtur
1150 1133 1187 1197 in
1209 1131 1272 1197 hac

139 1239 238 1289 causa
276 1218 496 1302 disceptanda,
537 1216 625 1303 quod
658 1217 747 1285 hunc
781 1219 890 1286 virum
924 1219 1149 1286 doctissimum
1182 1217 1272 1284 haud

139 1306 244 1373 multo
266 1311 341 1389 post
362 1304 556 1370 Ciceronem
586 1312 754 1370 mortuum
785 1304 930 1390 viguisse
962 1312 995 1370 et
1026 1314 1094 1370 tam
1127 1304 1271 1389 peritum

140 1413 221 1460 usus
243 1389 388 1456 Tulliani
409 1389 511 1457 fuisse
531 1396 667 1468 constat,
686 1397 723 1456 ut
745 1390 802 1458 vix
824 1411 862 1457 ac
884 1412 926 1456 ne
948 1391 1004 1459 vix
1018 1391 1272 1474 quidemasuae

141 1478 256 1545 aetatis
279 1475 508 1556 declamatore,
531 1496 628 1560 quem
650 1475 794 1544 Wolfius
820 1475 978 1545 orationis
1005 1484 1172 1544 auctorem
1202 1495 1272 1541 esse

140 1565 221 1643 vult,
245 1584 320 1628 eum
342 1563 449 1646 decipi
470 1562 626 1647 potuisse,
648 1582 773 1642 omnes,
795 1584 896 1646 penes
917 1585 999 1647 quos
1027 1562 1159 1645 quidem
1186 1561 1273 1627 cius·

141 1650 231 1717 modi
252 1669 366 1714 rerum
387 1647 547 1716 iudicium
570 1649 632 1726 sit,
652 1648 747 1714 facile
776 1649 975 1734 intelligant.
1020 1649 1086 1716 Hic
1114 1648 1219 1734 igitur
1236 1647 1274 1711 in

143 1742 350 1804 commentat.
374 1733 415 1801 ad
438 1735 540 1802 divin.
564 1754 633 1818 cap.
657 1737 685 1799 6.
709 1733 750 1801 ad
769 1735 871 1803 verba
884 1735 1044 1814 „Etiamsi
1063 1743 1179 1814 tacent,
1193 1733 1273 1799 satis

143 1823 274 1889 dicunt“
314 1821 403 1886 hunc
440 1821 548 1887 locum
583 1842 624 1887 ex
665 1818 729 1887 Cic.
762 1829 843 1886 orat.
877 1842 937 1904 pro
969 1821 1128 1888 Marcello
1161 1821 1272 1886 affert:

143 1909 218 1988 (IV.
245 1912 298 1985 12)
315 1906 451 1988 Vereor,
475 1915 512 1974 ut
534 1908 604 1987 hoc,
627 1906 713 1990 quod
737 1906 843 1972 dicam
865 1907 1001 1991 perinde
1019 1907 1160 1992 intelligi
1170 1903 1275 1991 possit

143 1993 268 2074 auditu,
294 1996 393 2077 atque
421 2014 482 2078 ego
515 1994 585 2077 ipse
619 1993 766 2077 cogitans
799 1994 920 2060 sentio:
953 1994 1135 2059 Victoriam
1167 1994 1274 2076 ipsam

144 2080 260 2149 vicisse
283 2079 436 2146 viderier
479 2079 556 2159 Qua
578 2099 620 2144 ex
641 2100 678 2144 re
700 2100 767 2144 non
789 2087 913 2145 temere
931 2079 1042 2167 colligi
1059 2087 1175 2163 potest,
1187 2078 1274 2143 hanc

145 2167 337 2243 orationem,
360 2165 501 2248 quaein
523 2167 630 2232 fronte
660 2165 782 2231 habeat
813 2165 910 2232 hodie
943 2163 1111 2232 Ciceronis
1143 2185 1274 2243 nomen,

144 2252 282 2319 eandem
304 2272 384 2330 esse,
407 2258 505 2335 atque
527 2272 610 2331 eam,
632 2272 730 2335 quam
752 2252 917 2318 Asconius
938 2253 972 2318 in
990 2250 1275 2318 manibushabue-

144 2340 197 2417 rit‚
221 2336 338 2404 deinde
350 2345 384 2403 et
401 2338 441 2403 ab
453 2340 525 2420 ipso
545 2346 579 2403 et
590 2337 631 2402 ab
642 2338 832 2421 aequalibus
845 2337 1011 2405 Ciceronis
1033 2359 1105 2403 eam
1128 2336 1275 2403 habitam

146 2445 224 2492 esse.
269 2423 369 2489 Certe
391 2425 488 2504 enirn,
511 2423 540 2490 si
561 2443 628 2488 non
651 2444 764 2490 omnes
785 2422 871 2488 idem
895 2423 935 2490 de
957 2425 1027 2490 eius
1049 2429 1179 2490 auctore
1201 2444 1276 2488 seu·

146 2512 275 2588 sissent,
298 2509 359 2576 hoc
380 2509 559 2575 memoriae
580 2507 787 2593 prodidisset
824 2546 864 2559 -
897 2509 1011 2589 Miror,
1034 2508 1276 2593 quodWolfius

147 2595 307 2663 eiusmodi
329 2595 554 2662 testimonium
577 2595 646 2661 fere
667 2595 802 2662 omnino
824 2595 973 2680 negligit,
996 2595 1276 2681 quamquamipae

146 2679 302 2760 coneedit,
326 2682 427 2765 praef.
451 2702 524 2766 pag.
551 2686 604 2746 10:
630 2680 711 2760 ,hoc
738 2681 870 2764 quidem
892 2681 1024 2748 credere
1045 2703 1105 2748 nos
1128 2688 1276 2764 oportere
1310 2698 1312 2701 ·

146 2769 306 2848 Asconiis,
331 2765 556 2849 Quintilianis,
574 2767 711 2851 reliquis
736 2767 867 2833 illorum
896 2776 1081 2851 temporum
1111 2787 1275 2850 gramma·

146 2856 220 2923 ticis
242 2863 276 2919 et
297 2853 493 2932 rhetoribus,
516 2854 596 2919 satis
618 2860 784 2920 vetustum
806 2874 886 2932 esse,
909 2853 994 2938 quod
1006 2853 1047 2918 ab
1067 2855 1148 2936 ipsis
1164 2851 1276 2919 laude·

149 2951 206 3007 tur
227 2961 287 3024 pro
310 2945 450 3018 vetusto,
473 2948 560 3006 certe
572 2960 637 3005 non
656 2940 698 3005 ab
709 2939 898 3023 aequalibus
910 2960 1022 3005 eorum
1041 2940 1274 3024 suppositum.“

147 3035 202 3093 An
225 3027 378 3109 opinatur
401 3025 480 3092 satis
500 3025 635 3111 infringi
656 3025 815 3093 eiusmodi
843 3025 1121 3092 testimoniorum
1137 3024 1277 3091 auctori-

148 3121 261 3190 tatem,
290 3111 331 3177 ad
354 3133 437 3196 quae
459 3119 547 3179 reete
567 3113 604 3176 in
626 3112 745 3178 talibus
771 3110 1016 3195 quaestionibus
1039 3110 1278 3195 pertractandis

149 3198 339 3277 recurritur,
361 3197 423 3278 his,
446 3220 529 3282 quae
546 3198 699 3281 deinceps
721 3196 821 3278 addit,
845 3198 968 3264 verbis:
994 3197 1100 3277 „Illud
1113 3205 1278 3263 tamenne

152 3284 372 3367 antiquissimi
394 3284 524 3367 quidem
546 3284 690 3351 auctoris
711 3283 777 3349 fide
794 3283 963 3350 diiudicari
983 3293 1100 3368 potest,
1130 3307 1172 3352 an
1199 3282 1278 3369 quid

151 3368 310 3436 eiusmodi
331 3369 483 3437 Ciceroni
501 3371 619 3452 potius,
648 3389 745 3454 quam
775 3369 849 3436 aliis
875 3369 1090 3436 tribuendum
1110 3371 1162 3450 sit,
1192 3371 1278 3435 eius·

150 3478 213 3539 que
233 3475 334 3520 manu
351 3462 385 3520 ct
406 3456 580 3522 excellenti
601 3455 734 3540 ingenio
758 3454 895 3540 dignum
917 3455 1143 3540 putandum“?
1158 3493 1196 3504 -
1211 3453 1279 3522 Sed

151 3549 287 3626 quaerat
310 3542 472 3625 quispiam
495 3541 664 3609 hocloco:
688 3540 752 3608 Cui
773 3541 905 3607 tandem
939 3544 1053 3609 tribuit
1081 3543 1134 3612 vir
1165 3541 1279 3609 doctus

145 3629 236 3695 hanc
257 3626 438 3692 orationem
460 3647 486 3692 a·
501 3627 659 3695 Cicerone
681 3626 908 3708 abiudicatam,
931 3628 1063 3713 etquid
1088 3629 1199 3714 posuit
1220 3648 1280 3711 pro

151 3736 197 3794 eo,
222 3712 309 3798 quod
330 3733 460 3796 semper
482 3734 542 3796 pro
564 3721 653 3781 certo
675 3727 708 3779 et
730 3713 898 3798 explorato
920 3715 1119 3800 putabatur?
1149 3715 1278 3780 Nomen

152 3801 231 3879 eius,
255 3821 275 3864 a
302 3804 376 3884 quo
399 3820 471 3865 eam
505 3799 723 3884 conscriptam
751 3821 822 3866 esse
851 3809 971 3879 censet,
1001 3800 1196 3880 dissimulat,
1219 3819 1280 3865 nec

151 3886 259 3969 magis
282 3885 425 3967 exponit,
449 3906 513 3969 quo
534 3906 620 3953 anno
642 3894 840 3955 camertem
862 3907 934 3953 esse
955 3885 1085 3954 iudicet.
1125 3886 1280 3954 Idunum

153 3995 193 4037 ax
216 3973 286 4038 eius
319 3969 539 4054 disputatione
560 3993 676 4039 eruere
704 3994 887 4056 possumus,
920 3974 991 4040 viro
1021 3971 1114 4041 docto
1145 3992 1280 4056 persua·

152 4080 227 4128 sum
244 4058 353 4137 fuisse,
372 4057 619 4124 Marcellianum
630 4058 722 4124 illam
744 4059 905 4142 originem
928 4058 1043 4126 dehere
1071 4058 1281 4124 declamatori

152 4143 356 4226 insequentis
378 4145 494 4209 aetatis
516 4146 697 4227 praeceptis
718 4145 870 4211 oratoriis
892 4142 996 4230 magis
1018 4145 1153 4224 imbuto,
1182 4164 1282 4227 quam

153 4229 303 4311 formato,
325 4230 551 4314 philosophiae
573 4237 679 4296 autem
705 4239 738 4296 et
760 4231 840 4297 artis
862 4229 985 4316 logicae
1007 4230 1172 4299 rationum
1184 4229 1283 4316 plane
