2820 4822
618 299 787 361 -ιὸ-

137 464 281 532 meinom
311 464 400 530 alten
421 463 719 551 Wirlrungslrreisa
747 466 900 532 befinden
928 467 1053 533 sollte.“
1099 467 1151 532 Ad
1178 488 1262 549 quae

138 551 324 616 Wormius:
351 551 492 628 „Locum
514 551 572 618 ille
593 553 639 617 ita
660 554 754 635 cepit,
778 574 815 617 ao
837 553 866 618 si
888 553 1044 634 scriptum
1067 561 1168 619 esset:
1192 553 1261 616 ani·

137 658 231 701 mum
260 635 416 701 inducere
441 657 506 700 non
535 639 642 719 potui,
674 651 712 703 ιιι
740 636 923 717 crederem3
955 638 1040 719 quod
1069 636 1199 719 quidem
1221 638 1261 702 ab

138 720 376 803 conloquendi
396 740 462 785 non
485 722 639 787 abhorret
658 732 692 787 ιι
715 722 919 788 commodum
934 724 1073 804 vpreebet
1099 729 1260 787 sensum.“

137 805 254 888 Neque
275 817 385 870 tamen
407 805 678 872 dissimulandum
701 817 758 885 est,
782 808 838 872 vix
855 809 917 873 hac
935 807 1061 873 ratione
1082 807 1190 874 locum
1208 806 1262 872 de·

138 891 229 956 fenoli
250 913 352 974 posse.
396 890 521 956 Dubito
543 893 640 968 enim,
671 915 714 958 an
736 892 856 956 similia
877 892 1027 974 exempla
1047 893 1262 975 reperiantur,

139 977 256 1060 quibus
278 976 414 1041 verbum
436 975 518 1040 illud
540 997 612 1042 eam
634 979 905 1062 significationem
927 978 1056 1055 habeat,
1084 997 1180 1058 quam
1202 977 1265 1042 hoc

139 1061 210 1127 loco
239 1062 273 1126 in
297 1081 335 1126 eo
359 1063 466 1126 inesse
495 1061 664 1128 Wormius
692 1074 812 1129 censet.
860 1065 969 1145 Atque
989 1061 1162 1127 Weiskius
1190 1082 1263 1127 oum

141 1146 230 1224 dicit,
263 1167 363 1211 sensu
391 1145 471 1228 ipso,
505 1169 569 1212 nou
596 1148 684 1213 clara
711 1147 907 1233 cogitatione
934 1146 1126 1214 Ciceronem
1155 1168 1264 1229 perce·

141 1233 237 1316 pisse,
271 1232 329 1295 illa
360 1233 523 1297 sententia
551 1233 676 1298 adiecta
709 1233 951 1298 concinniorem
981 1233 1053 1298 fiori
1085 1232 1264 1315 periodum,

142 1316 378 1400 quodammodo
408 1319 582 1383 confitetur
603 1319 711 1384 inesse
733 1318 856 1402 aliquid
884 1318 919 1382 in
948 1317 1004 1382 illo
1032 1318 1112 1395 loco,
1145 1318 1265 1400 inquo

141 1402 213 1484 quis
235 1401 370 1466 haerere
392 1403 503 1484 possit.
549 1407 598 1467 Ao
620 1403 763 1486 profecto
784 1405 831 1468 ita
856 1411 914 1469 est.
960 1401 1081 1468 Orator
1099 1403 1186 1468 enim
1209 1402 1264 1467 ad·

142 1487 250 1551 iunxit
272 1486 372 1551 verba
396 1508 475 1563 „neo
496 1489 545 1553 fas
567 1510 637 1554 esse
660 1487 836 1554 ducebam“
861 1490 917 1567 eis,
932 1530 933 1533 =
947 1509 1030 1570 quae
1060 1486 1266 1567 antecedunt,

142 1592 217 1637 cum
249 1578 361 1637 essent
393 1571 621 1656 subiungenda
648 1575 703 1652 ita,
736 1588 774 1639 ut
805 1574 886 1639 haec
914 1571 1066 1656 periodus
1095 1574 1265 1638 existeret:

146 1679 224 1734 „neo
256 1656 338 1721 mihi
366 1656 562 1739 persuadere
595 1668 756 1741 poteram,
790 1660 838 1724 fas
872 1679 957 1735 esse,
994 1657 1118 1723 versari
1149 1678 1201 1722 me
1234 1667 1267 1722 et

142 1765 173 1826 q.
196 1749 291 1822 seo.“;
312 1743 383 1807 sive
405 1742 468 1807 duo
487 1743 544 1807 illa
562 1744 795 1809 enuntiationis
813 1744 960 1809 membra
980 1743 1027 1806 ita
1049 1743 1111 1809 sibi
1133 1764 1265 1826 respon·

144 1827 220 1892 dere
242 1827 357 1906 voluit,
380 1835 416 1892 ut
434 1828 533 1892 etiam
554 1828 591 1893 in
613 1829 716 1895 altera
737 1840 837 1912 parte,
866 1830 950 1895 sicut
971 1829 1005 1891 in
1028 1829 1136 1911 priore
1160 1828 1266 1906 „dole-

143 1913 238 1978 bam“
263 1921 296 1977 et
320 1913 513 1996 „angebar“‚
538 1913 601 1978 duo
624 1923 733 1979 essent
755 1915 864 1990 verba,
888 1916 957 1979 sive
979 1913 1106 1995 impetu
1127 1914 1268 1980 oratorio

144 1998 296 2064 seductus
318 1999 427 2062 minus
450 1997 625 2082 diligenter
645 1999 771 2082 logicae
794 2001 883 2077 artis,
912 2008 951 2064 ut
975 1999 1020 2062 ita
1042 1999 1156 2077 dicam,
1178 1999 1267 2081 leges

144 2089 275 2150 secutus
296 2090 354 2148 est
399 2082 520 2160 Audio,
551 2083 628 2166 quid
655 2084 716 2150 hoo
746 2084 816 2149 loco
846 2085 900 2166 qui
927 2083 1043 2149 Wolfii
1072 2085 1267 2148 sententiam

144 2167 392 2249 amplectantur,
418 2167 537 2234 dicturi
564 2169 647 2247 sint;
676 2169 738 2236 hoc
760 2190 831 2236 esse
858 2170 895 2234 in
923 2190 984 2234 sua
1005 2177 1267 2252 causa'pronun·

144 2253 240 2320 oiare.
284 2251 351 2318 Sed
384 2260 509 2331 errant,
543 2274 620 2318 nam
651 2252 740 2321 hunc
776 2276 901 2337 quoque
934 2255 1039 2321 locum
1076 2252 1268 2320 documento

144 2358 216 2404 esse
238 2339 509 2418 confirmaverim,
535 2339 716 2404 orationem
743 2340 832 2405 illam
856 2359 924 2404 non
949 2340 984 2403 in
1007 2338 1137 2405 scholae
1161 2341 1269 2404 otioa

145 2424 303 2507 magistro
325 2423 463 2506 quodam
481 2425 590 2489 omnia
612 2425 708 2488 anxie
727 2435 760 2489 ot
782 2425 930 2508 religiose
952 2424 1137 2507 expoliente
1158 2423 1268 2490 alueu-

144 2510 282 2586 bratam,
301 2508 557 2574 sedaOicerone
575 2508 631 2574 illo
650 2509 703 2575 die
722 2511 867 2576 habitam
886 2518 919 2574 et
936 2509 1057 2575 eisdem
1075 2509 1143 2574 fere
1162 2509 1269 2576 verbis

145 2594 359 2676 conscriptam
382 2613 463 2659 esse.

230 2680 303 2744 Iam
325 2699 403 2745 vero
432 2678 669 2744 transeundum
696 2689 746 2745 est
774 2679 813 2745 ad
844 2680 980 2744 alteram
1009 2680 1167 2745 enuntiati
1194 2701 1268 2762 par·

146 2772 222 2841 tem,
245 2785 342 2845 quam
364 2771 496 2846 propter
521 2764 723 2846 praeclarum
746 2765 921 2830 verborum
944 2786 1115 2831 numerum
1140 2772 1173 2830 et
1196 2785 1269 2829 eam

146 2849 275 2916 <licendi
296 2849 431 2931 copiam,
462 2871 543 2931 quae
565 2849 617 2914 vel
640 2853 781 2916 maxime
803 2852 994 2916 Ciceronem
1017 2858 1181 2917 auctorem
1200 2870 1269 2913 ora

146 2934 245 3001 tionis
262 2934 458 3016 comprobat,
476 2934 672 3016 interpretes
684 2936 838 3002 admirari
850 2947 1097 3001 consueverunt.
1127 2935 1269 3000 Wolfius

147 3027 256 3085 autem
280 3041 346 3084 non
372 3019 466 3085 modo
490 3019 574 3084 nihil
594 3023 674 3087 artis
691 3020 863 3087 Tullianae
890 3021 945 3085 illo
967 3020 1037 3085 loco
1059 3021 1189 3103 reperit,
1212 3017 1270 3085 sod

148 3105 248 3170 etiam
271 3103 370 3170 verba
400 3105 513 3186 „quasi
540 3105 680 3186 quodam
704 3109 789 3173 socio
812 3114 844 3170 et
874 3105 1008 3172 comite*
1039 3105 1189 3170 inutilem
1213 3127 1269 3188 ap·

146 3189 317 3274 pondicem
356 3198 539 3273 nuncupat,
584 3193 725 3272 speciem
764 3191 871 3256 vitiosi
911 3191 1049 3255 tumoris
1086 3189 1269 3255 habentem.

150 3273 257 3356 „Quid
290 3276 376 3340 enim
408 3282 459 3340 est
490 3274 587 3354 aliud,
620 3279 735 3360 inquit,
767 3275 950 3341 studiorum
983 3275 1139 3353 aemulus,
1173 3296 1270 3357 quam

148 3360 256 3426 socius
289 3368 322 3425 et
354 3359 484 3426 comes?
529 3361 614 3425 Nam
653 3364 681 3427 si
719 3362 802 3426 forte
841 3369 952 3427 auctor
984 3361 1124 3426 seribere
1157 3360 1269 3438 voluit,

150 3447 287 3524 „comite
315 3466 430 3513 cursus
460 3466 518 3512 seu
544 3446 702 3528 itineris,“
732 3448 836 3513 omnis
865 3467 1000 3514 censura
1029 3452 1142 3511 nostra
1171 3445 1271 3511 adea

148 3531 300 3613 pertinet,
323 3552 405 3613 quae
427 3532 557 3614 scripsit
579 3533 688 3610 homo,
718 3555 782 3597 non
805 3555 887 3614 quae
909 3532 1046 3597 fortasse
1070 3531 1172 3596 voluit
1194 3531 1271 3597 sori·

148 3616 253 3682 bero.“
299 3617 469 3682 Wormius
495 3617 602 3682 locum
631 3620 679 3683 ita
701 3619 787 3683 tueri
814 3626 963 3697 conatur,
991 3624 1029 3681 ut
1049 3616 1130 3682 haee
1148 3615 1271 3681 Wolfio

148 3709 305 3784 opponat:
338 3703 527 3779 „Differunt
549 3704 697 3768 aemulus
722 3711 755 3767 et
777 3724 893 3781 comes,
923 3711 959 3768 ut
984 3701 1176 3768 vocabulum
1200 3721 1272 3784 pro·

148 3787 257 3869 prium
284 3785 393 3851 differt
420 3809 440 3850 a
461 3787 628 3852 translato.
673 3787 816 3852 Videtur
836 3788 891 3852 W.
915 3788 1111 3863 existimare,
1139 3808 1208 3851 esse
1236 3785 1270 3850 in

68 3882 69 3891 ’
151 3872 287 3949 „comite
317 3872 518 3938 studiorum“
549 3874 685 3938 nimiam
714 3874 806 3939 verbi
840 3872 1057 3938 transferendi
1087 3871 1272 3951 audaciam3

148 3957 189 4022 de
222 3979 285 4040 quo
319 3957 389 4022 sine
423 3956 518 4021 dubio
553 3957 828 4024 Ciceronialiter
848 3959 978 4035 risum,
1013 3959 1066 4039 qui
1102 3956 1272 4034 „comitem

148 4041 289 4120 honoris,
329 4042 532 4120 calamitatis,
573 4043 789 4126 periculorum
830 4044 966 4108 furoris“
1007 4040 1271 4123 frequentaverit

147 4129 432 4211 Vereor-quoque,
451 4149 492 4191 ne
516 4138 623 4209 actum
646 4129 688 4193 sit
710 4129 750 4192 de
768 4129 858 4194 omni
881 4127 1063 4210 eloquentia
1081 4127 1273 4209 praesertim
