2820 4822
640 267 780 326 -6..

139 442 201 508 lari
223 438 354 524 generis
375 435 878 503 Τ31113313313111131331133133
908 436 1088 501 orationem
1122 435 1269 502 defendit

140 536 174 592 et
191 543 385 608 quacunque
416 521 542 587 ratione
575 521 691 603 potuit,
725 541 797 586 eam
830 542 896 587 non
929 521 1025 586 modo
1058 544 1078 586 3
1110 521 1268 587 Cicerone

140 611 238 679 scribi
259 609 404 694 potuisse
423 606 481 672 sed
503 606 602 672 etiam
625 627 742 673 reuera
763 608 909 673 habitam
936 616 969 672 et
990 606 1110 672 litteris
1131 608 1266 672 manda-

139 706 208 763 tam
231 718 313 774 esse,
336 693 546 777 comprobare
564 691 698 758 studuit.
733 695 844 777 Atque
863 692 980 758 habuit
1001 694 1072 758 eius
1093 715 1268 777 argumen-

139 782 233 849 tandi
259 781 344 848 ratio
373 787 500 844 tantam
528 777 746 860 persuadendi
776 780 853 858 vim,
883 789 921 843 ut
947 779 1095 861 plerique
1124 779 1268 862 perlaeta

138 869 196 934 illo
219 863 684 940 3313313313113333111131331,
707 865 858 930 3331331
887 864 927 930 de
955 864 1112 930 Cicerone
1135 874 1267 931 auctore

138 955 281 1020 dubitari
303 971 407 1036 posse.
452 949 547 1029 Quae
568 970 643 1032 spes
672 970 727 1015 eos
755 950 878 1016 fefellit.
929 949 1048 1015 Paullo
1077 959 1151 1034 post
1179 951 1268 1016 enim

139 1041 181 1106 G.
205 1041 244 1105 L.
268 1036 483 1120 Spaldingius
506 1035 687 1102 acerrimus
709 1044 844 1101 exortus
866 1043 916 1102 est
927 1036 1114 1102 Wolfianae
1136 1045 1268 1103 senten·

138 1127 203 1190 tiae
225 1132 394 1207 patronus.
438 1120 560 1186 Hicin
583 1121 701 1187 Museo
735 1122 940 1205 antiquitatis
966 1121 1149 1188 studiorum
1178 1145 1197 1188 3
1226 1125 1265 1189 F.

138 1213 179 1276 A.
202 1210 325 1275 Wolfio
348 1216 382 1273 et
402 1207 465 1273 Ph.
494 1206 699 1272 Buttmanno
726 1205 814 1273 edite
843 1207 952 1272 Berol.
990 1208 1071 1272 1808
1106 1209 1154 1292 (V
1155 1209 1194 1274 ol.
1223 1210 1266 1291 Ι.)

136 1319 197 1382 pro
219 1295 272 1363 sui
293 1293 418 1378 ingenii
446 1293 602 1358 facultate
631 1293 855 1377 suspicionum
869 1330 871 1333 ·
884 1315 1056 1359 numerum
1089 1315 1211 1378 augere
1234 1303 1267 1359 et

136 1382 233 1449 novis
252 1379 447 1465 quibusdam
470 1380 577 1445 333313
599 1376 718 1445 additis
736 1379 958 1446 accusationes
980 1400 1000 1443 3
1022 1380 1092 1445 viro
1115 1379 1209 1446 docto
1231 1382 1267 1445 in

136 1469 320 1535 orationem
342 1465 524 1532 cumulatas
546 1463 661 1530 fulcire
678 1464 811 1530 studuit.
855 1463 924 1530 Sed
945 1467 973 1530 si
995 1485 1043 1544 ea,
1056 1465 1265 1548 quaeWoliii

136 1554 279 1639 vestigia
300 1558 432 1618 secutus
453 1550 591 1634 protulit
612 1551 778 1617 severiore
801 1550 920 1617 iudicio
942 1552 1192 1631 examinaveris,
1216 1554 1266 1617 in-

137 1641 261 1718 venies,
280 1638 354 1723 plus
382 1636 587 1721 argutiarum
613 1637 648 1702 in
675 1638 745 1703 eius
773 1637 993 1721 disputatione
1020 1638 1137 1717 inesse,
1167 1659 1266 1720 quam

136 1724 355 1811 probabilium
377 1729 657 1807 argumentorum,
680 1743 821 1806 eumque
843 1724 948 1807 magis
966 1744 1007 1787 ex
1026 1723 1267 1806 vituperatione

137 1811 272 1877 alterius
304 1808 408 1893 partis
441 1828 522 1881 suae
555 1808 604 1873 rei
641 1807 825 1874 subsidium
858 1808 1067 1892 quaesivisse,
1101 1830 1198 1892 quam
1232 1809 1266 1873 id

137 1897 308 1982 egissent
330 1915 443 1961 verum
466 1914 486 1957 3
508 1893 590 1959 13133
612 1893 826 1960 discernendo
853 1915 947 1959 suam
976 1895 1138 1960 rationem
1170 1895 1266 1960 nobis

137 1983 370 2066 comprobaret.
408 1978 527 2044 ¹Nihilo
545 1980 650 2045 333133
683 1988 792 2045 autem
826 1979 977 2045 nonnulli
1011 1980 1153 2046 editores
1175 1981 1265 2046 velut

137 2068 293 2146 Beekius‚
322 2065 506 2141 Subiitaius¹
536 2063 681 2131 Orellius
708 2066 777 2132 sive
804 2066 902 2131 unius
928 2064 1045 2130 Wolfii
1073 2067 1266 2134 auctoritate

137 2153 301 2229 commoti,
323 2152 395 2219 sive
416 2151 699 2217 criminationibus
721 2173 741 2216 3
763 2149 956 2236 Spaldingio
986 2152 1090 2218 auctis
1117 2161 1151 2217 et
1178 2173 1265 2218 eom·

136 2240 234 2325 pletis
255 2237 386 2303 adducti
409 2236 657 2303 Marcellianam
690 2246 746 2301 ant
773 2237 963 2315 omiserunt,
995 2246 1053 2303 aut
1084 2237 1265 2303 seiunctam

139 2326 179 2392 ab
201 2324 258 2403 eis,
282 2345 363 2406 quas
385 2323 532 2389 constitit
552 2322 721 2389 Ciceronis
742 2343 824 2402 esse,
851 2323 1052 2388 orationibus
1082 2323 1264 2390 ediderunt.

138 2411 220 2476 Aliis
241 2417 353 2474 tamen
371 2407 462 2475 velut
482 2407 626 2487 Klotzio,
648 2407 703 2490 qui
725 2429 790 2473 non
811 2409 920 2475 minus
948 2408 1136 2493 intelligens
1165 2409 1265 2474 index

137 2496 236 2562 huius
258 2495 306 2560 rei
327 2492 565 2559 existimandus
579 2502 638 2573 est,
654 2493 844 2576 persuaderi
865 2515 931 2560 non
949 2495 1064 2578 potuit,
1088 2502 1125 2560 ut
1150 2496 1265 2561 oratio·

137 2603 214 2648 nem
235 2580 327 2646 illam
348 2599 467 2645 311333
489 2578 561 2645 1333
582 2586 800 2645 removerent.
820 2580 997 2646 -Sciens
1019 2580 1126 2647 adhuc
1147 2579 1266 2647 disser-

138 2668 294 2734 tationem
315 2664 529 2748 praetermisi,
552 2686 649 2749 quam
672 2665 710 2731 ll.
733 2665 845 2730 Kalaa
866 2665 1091 2742 (Franeoiurti
1117 2670 1213 2750 isat)
1224 2669 1266 2733 ad

137 2751 315 2839 nonnullas
337 2750 453 2816 Wolfii
475 2750 704 2834 castigationes
731 2750 927 2817 refellendas
954 2753 1159 2835 conscripsit,
1181 2754 1266 2836 quod

137 2839 197 2905 uix
219 2837 354 2921 dignam
376 2833 467 2914 duxi,
489 2856 668 2918 quaecum
690 2836 756 2902 iilis
773 2837 919 2902 Weiskii
939 2847 972 2902 et
983 2837 1127 2903 Wormii
1148 2838 1266 2905 libellis

138 2924 349 2991 conferretur.
394 2921 463 2987 Neo
485 2941 564 2987 sane
586 2921 725 2986 multum
743 2923 784 2987 ad
802 2922 894 2988 litem
911 2922 1000 2987 illam
1020 2922 1265 3006 disceptandam

138 3010 306 3075 lucramur
328 3029 369 3072 ex
399 3006 716 3085 „Lucubrationibus
738 3008 779 3074 de
799 3008 929 3074 33013.
947 3030 977 3092 p.
1003 3008 1163 3074 Marcello
1184 3031 1204 3075 3
1225 3012 1265 3076 L.

137 3094 250 3178 Hugio
272 3094 307 3158 13
328 3092 402 3158 Iud.
425 3093 513 3158 13311.
536 3091 625 3176 publ.
648 3093 749 3159 Univ.
772 3094 924 3177 Friburg.
953 3098 1043 3158 1817.
1062 3097 1265 3179 conscriptis.

139 3182 247 3247 Unius
274 3185 386 3257 restat,
416 3187 453 3243 ut
480 3179 684 3243 mentionem
720 3180 847 3258 faciam,
880 3178 916 3242 L.
952 3179 993 3245 G.
1027 3181 1142 3247 Jacobi
1156 3186 1182 3258 ¹)
1211 3183 1267 3265 qui

138 3267 236 3350 plane
259 3264 348 3330 aliud
371 3271 469 3345 atque
491 3263 556 3342 3111,
579 3265 636 3346 qui
659 3273 717 3330 aut
734 3264 906 3332 vindicant
917 3264 1067 3332 Ciceroni
1086 3268 1266 3333 orationem

140 3359 200 3418 aut
220 3349 419 3427 abiudicant,
442 3348 609 3415 haedere
629 3350 753 3415 statuit.
798 3350 864 3417 Hic
888 3353 1100 3435 argumentis,
1121 3375 1204 3436 quae
1226 3353 1267 3419 ad

140 3444 312 3520 utramque
344 3437 543 3500 sententiam
570 3435 844 3518 comprobandam
878 3437 1005 3521 prolata
1038 3448 1149 3518 erant,
1181 3440 1268 3504 inter

140 3545 175 3590 se
197 3521 393 3605 comparatis
425 3529 458 3585 et
487 3527 637 3587 accurate
666 3522 835 3606 perpensis
865 3543 900 3587 se
933 3544 1039 3605 neque
1067 3522 1127 3602 1113,
1163 3546 1267 3607 neque

138 3607 210 3674 illis
227 3629 361 3691 prorsus
383 3607 536 3672 assentiri
558 3628 654 3691 posse
676 3606 764 3675 dicit.
798 3606 876 3673 Alia
889 3609 979 3673 enim
1000 3610 1035 3672 in
1047 3609 1109 3674 1133
1120 3611 1268 3675 31311333

141 3695 241 3778 digna
262 3690 410 3776 putanda
438 3713 518 3771 esse,
546 3714 629 3775 quae
661 3693 849 3765 tribuantur
878 3693 1037 3772 Ciceroni,
1067 3695 1131 3760 alia
1159 3705 1268 3762 autem

141 3799 302 3864 agenore
325 3776 453 3842 dicendi
482 3778 634 3844 Tulliano
661 3779 741 3844 adeo
773 3778 927 3847 recedere
960 3789 993 3844 et
1023 3781 1208 3859 abhorrere,
1231 3792 1269 3847 ut

140 3886 209 3930 non
231 3863 271 3928 ab
293 3861 406 3928 eodem
429 3863 515 3929 diota
532 3864 719 3947 velseripta
737 3864 919 3932 videantur.
964 3865 1081 3950 Itaque
1093 3868 1127 3933 in
1148 3888 1267 3933 novam

228 4085 255 4152 1)
275 4084 315 4140 De
334 4087 457 4140 oratioue
476 4100 545 4153 quae
564 4085 717 4140 inscribitur
735 4102 784 4156 pro
802 4086 839 4141 M.
864 4088 996 4144 Marcello
1021 4087 1143 4144 Oiceroni
1162 4091 1205 4144 vel
1222 4091 1268 4145 ab·

139 4154 281 4210 iudicanda
305 4155 347 4210 vel
373 4154 552 4208 adiudicanda
578 4156 700 4223 quaestio
728 4170 850 4276 novagne
877 4159 1032 4213 coniectura
1058 4162 1170 4214 3331313
1197 4160 1267 4229 ling.

138 4220 244 4278 Ludos.
263 4222 332 4279 Guil.
350 4221 448 4278 Jacob.
467 4221 586 4277 Berolini
605 4231 632 4276 et
649 4222 726 4278 Halia
745 4223 795 4277 181
816 4264 820 4274 .

153 4404 180 4511 1
