2820 4822
618 309 782 372 ..46-

137 504 220 567 quae
233 480 517 566 exempiadoeent,
526 480 631 562 qualis
640 480 740 545 fuerit
747 479 971 545 Romanorum
980 500 1067 544 usus.
1087 478 1268 543 Praeterea

135 590 303 651 eompares
326 567 426 634 velim
447 564 560 631 haedo
580 587 616 630 re
633 565 744 630 Krebs
758 565 928 629 Antiborb.
954 587 977 630 s.
1001 589 1030 629 v.
1052 563 1264 646 ,gratulari.“

219 654 291 719 Iam
315 675 394 719 vero
416 653 596 730 videamus,
621 674 700 714 num
726 652 852 714 veriora
875 651 928 714 vol
955 649 1177 734 probabiliora
1199 648 1268 711 sint

136 749 339 822 argumenta,
371 739 489 821 quibus
516 738 549 800 in
579 757 648 818 oap.
672 736 750 800 VII.
774 737 927 801 evineere
957 737 1088 801 studeat
1109 734 1163 798 vir
1190 732 1267 797 doe·

136 836 197 904 tus,
232 846 337 908 genus
371 823 499 890 dicendi
532 824 688 887 orationis
717 823 841 888 abusu
864 822 1017 887 Tulliano
1047 841 1182 904 prorsus
1209 818 1265 883 ab·

136 911 280 977 horrere.

223 1000 272 1062 Ao
283 995 427 1079 primum
442 992 572 1077 quidem
589 1002 690 1076 negat
710 993 849 1071 „Latine
864 992 1066 1075 „providere
1081 1013 1147 1056 non
1160 989 1268 1072 magis

137 1102 232 1166 posse
254 1082 471 1165 suspitionem
489 1079 556 1144 ullo
577 1101 676 1145 sensu
695 1089 751 1145 aut
769 1078 836 1143 ulla
857 1077 1110 1145 constructionis
1128 1076 1266 1153 ratione,

137 1187 233 1251 quam
257 1167 434 1250 ,prospiei“
471 1187 528 1230 seu
564 1167 722 1243 „oavori“,
757 1186 832 1229 oum
864 1174 977 1230 auetor
1010 1164 1071 1230 hoe
1103 1161 1268 1246 significet

141 1273 283 1332 „eavera
306 1273 348 1317 ne
370 1252 404 1316 id
426 1252 566 1330 eveniat,
589 1249 673 1333 quod
696 1253 730 1315 in
753 1250 936 1331 suspicione
959 1259 1029 1314 erat
1046 1247 1221 1332 positum.“

222 1337 263 1403 In
281 1338 380 1403 verbo
401 1335 634 1420 ,providendi“
648 1359 701 1400 me
724 1335 855 1420 quidem
876 1333 983 1401 iudioe
1001 1335 1085 1400 nihil
1103 1342 1161 1412 est,
1180 1331 1269 1416 quod

138 1423 290 1490 offendat.
335 1421 535 1507 Saepissime
564 1422 652 1486 enim
680 1422 779 1487 habet
808 1422 972 1486 notionem
995 1421 1086 1488 verbi
1115 1438 1267 1502 „praeea-

139 1508 268 1587 vendi“,
292 1510 375 1593 quud
399 1530 525 1574 oumex
550 1508 621 1573 aliis
643 1508 756 1572 multis
777 1507 857 1573 loeis
880 1516 1023 1590 apparet,
1046 1514 1118 1571 tum
1140 1526 1183 1570 ex
1204 1503 1268 1569 hoe

138 1597 239 1661 Attio.
260 1594 305 1660 Π.
333 1601 358 1672 l,
383 1600 411 1658 6.
446 1594 548 1676 „quod
572 1616 592 1658 a
613 1615 666 1658 me
687 1595 734 1658 ita
754 1602 967 1675 praecautum
997 1602 1093 1676 atque
1122 1591 1170 1656 ita
1192 1611 1268 1673 pro·

138 1682 246 1747 visum
269 1688 348 1760 est,“
373 1679 430 1745 ubi
452 1680 532 1745 haee
551 1681 651 1746 verba
672 1679 786 1744 eadem
806 1681 837 1744 vi
855 1682 1030 1745 ooniunota
1047 1678 1268 1760 reperiuntur.

138 1766 255 1850 Itaque
276 1768 311 1831 in
330 1764 486 1833 vocabulo
511 1765 741 1849 „suspicionis“
766 1765 873 1830 inesse
896 1764 1076 1848 putandum
1099 1771 1158 1842 est,
1182 1760 1270 1846 quod

138 1851 262 1917 Wolfio
295 1851 504 1936 displieuerit.
560 1851 669 1916 Huius
702 1852 768 1916 vim
802 1872 867 1915 non
900 1867 987 1916 reete
1020 1849 1104 1914 mihi
1136 1847 1270 1915 videtur

140 1938 355 2022 perspexisse.
402 1935 590 2021 „Suspioio¹¹
616 1938 703 2002 enim
732 1936 794 2002 hoe
824 1936 895 2002 looo
916 1958 982 2002 non
1004 1945 1054 2002 est
1075 1957 1138 2013 res,
1168 1955 1270 2017 quam

141 2022 315 2089 Gaesarem
338 2024 496 2106 suspieari
518 2023 597 2088 dieit
618 2023 743 2103 Oioero,
771 2021 829 2087 sed
858 2031 907 2088 est
935 2023 1045 2106 opinio
1071 2021 1111 2086 de
1140 2018 1271 2084 insidiis

140 2109 274 2175 Caesari
303 2111 436 2195 paratis,
466 2111 513 2175 ita
541 2119 592 2174 ut:
627 2129 727 2192 ,quae
750 2109 918 2194 (suspioio)
945 2109 1040 2173 nobis
1067 2105 1272 2190 providenda

140 2200 206 2262 est“
240 2195 382 2262 breviter
411 2195 536 2260 dietum
563 2195 607 2261 sit
633 2214 708 2278 pro:
740 2216 823 2277 quae
852 2215 894 2259 ne
924 2195 1053 2272 existat,
1085 2191 1142 2261 vel
1175 2190 1272 2259 euius

140 2281 297 2348 oriundae
319 2303 362 2346 ne
383 2282 469 2347 iusta
488 2303 586 2347 eausa
608 2281 702 2359 adsit,
726 2279 818 2345 nobis
840 2278 1079 2363 providendum
1101 2285 1160 2344 est.

227 2366 335 2447 Quem
367 2389 464 2433 usum
497 2376 606 2432 autem
635 2366 834 2431 Latinorum
867 2376 944 2431 ante
977 2364 1086 2432 oeulos
1118 2363 1274 2430 habuerit

141 2452 294 2531 Woifius,
324 2473 381 2536 per
404 2474 500 2536 quem
528 2451 619 2516 iliam
641 2453 916 2517 oonstruotionem
944 2452 1023 2517 ferri
1045 2471 1138 2534 posse
1156 2457 1272 2535 neget,

141 2538 393 2690 nRebdirinando
427 2538 557 2622 quidem
591 2536 753 2621 assequor.
805 2535 854 2602 of.
885 2538 972 2603 Phil.
1000 2537 1047 2602 II.
1077 2542 1106 2614 8,
1139 2557 1199 2620 pro
1233 2535 1272 2601 Ο.

175 2627 279 2701 a.2,
301 2627 325 2708 ς.
349 2629 379 2690 4.
583 2689 590 2701 ,

228 2707 357 2776 Deinde
380 2715 503 2776 rectam
521 2709 780 2777 observationem
798 2731 878 2775 usus
897 2708 1103 2775 Oioeroniani
1126 2707 1178 2774 vir
1199 2706 1273 2773 doe·

127 2801 196 2862 'tus
230 2795 336 2861 inesse
369 2803 480 2861 oenset
512 2795 547 2860 in
577 2795 698 2862 Faerni
728 2794 945 2876 adnotatione,
979 2816 1043 2879 qua
1075 2792 1273 2860 voeabulum

147 2882 342 2962 ,cautionis“
367 2882 418 2947 bis
446 2881 588 2964 positum
611 2881 853 2965 perstrinxerit.
900 2880 952 2945 Ad
980 2881 1060 2946 haee
1083 2878 1272 2944 Wormius:

149 2966 370 3048 ,Vocabulum
391 2966 590 3048 ,cautionis“
620 2968 670 3034 bis
702 2968 843 3050 positum
873 2967 904 3031 h.
934 2967 955 3032 1.
984 2965 1198 3050 prohabilem,
1230 2963 1274 3030 ad

144 3075 254 3118 meum
277 3075 418 3132 sensum,
442 3053 542 3119 habet
564 3055 744 3137 emphasin,
767 3074 873 3137 neque
891 3054 1058 3117 Faernum
1080 3049 1142 3117 hoo
1159 3048 1275 3117 debuit

144 3138 318 3219 offendere,
340 3137 503 3223 siquidem
522 3138 636 3206 Oieero
653 3141 739 3206 hane
758 3140 932 3206 verborum
953 3137 1160 3204 iterationem
1177 3137 1275 3220 ponit

144 3226 178 3290 in
212 3225 369 3290 orationis
400 3224 578 3290 luminibus
608 3225 715 3307 (Orat.
740 3230 779 3290 39
802 3233 836 3291 et
864 3246 890 3290 o.
919 3228 968 3298 15)
1001 3224 1177 3307 ipsumque
1209 3221 1274 3289 hoo

144 3332 248 3396 genus
269 3310 493 3394 frequentasse
516 3311 675 3395 exemplis
697 3311 787 3377 dotet
809 3310 948 3393 Quintil.
971 3310 1033 3375 IX.
1060 3314 1104 3374 3.“
1132 3345 1171 3357 -
1195 3306 1275 3389 Qua

145 3395 339 3462 defendendi
371 3397 496 3462 ratione
529 3411 662 3461 veretur
695 3397 879 3475 Weiskius,
913 3404 950 3461 ut
982 3395 1052 3461 loeo
1085 3395 1165 3460 satis
1198 3393 1275 3458 suh

144 3483 307 3548 veniatur.
342 3482 476 3548 Nullam
495 3484 634 3566 figuram
653 3483 685 3548 h.
704 3482 724 3548 l.
749 3504 828 3562 esse,
851 3483 908 3548 sed
931 3481 1148 3548 neeessariam
1170 3479 1275 3545 fuisse

145 3568 238 3634 verbi
271 3568 505 3652 repetitionem,
540 3590 616 3633 nam
649 3569 768 3635 omisso
801 3569 856 3634 illo
889 3568 1048 3634 voeabulo
1077 3565 1275 3632 sententiam

145 3654 331 3737 ambiguam
363 3656 508 3720 futuram
539 3654 639 3721 fuisse
669 3663 701 3720 et
730 3655 909 3733 obscuram,
943 3656 1051 3719 minus
1082 3658 1168 3719 ourte
1196 3671 1274 3735 per·

145 3740 300 3823 spieuam.
347 3738 445 3822 Quod
466 3740 662 3824 negaverim.
708 3740 826 3807 Omitti
853 3741 959 3824 potuit
988 3740 1080 3806 salva
1108 3736 1276 3803 sententia

145 3825 247 3890 altero
270 3825 339 3890 looo
358 3825 562 3906 voeabuium,
592 3826 650 3893 sed
679 3827 832 3906 oonoedo,
860 3846 899 3890 eo
926 3824 1050 3904 addito,
1081 3822 1275 3890 eonoinnius

146 3920 179 3975 et
196 3912 337 3995 gravius
359 3912 429 3977 fieri
452 3914 667 3979 enuntiatum.
712 3914 781 3978 Res
803 3921 912 3978 autem
934 3913 981 3976 ita
1003 3920 1191 3995 eomparata
1211 3916 1274 3987 est,

146 4005 184 4061 ut
204 4017 264 4081 pro
298 4018 356 4063 suo
385 3999 501 4080 auique
530 4019 628 4064 sensu
650 4008 684 4064 et
716 3998 836 4064 iudioio
859 3997 898 4062 de
920 4019 959 4062 ea
990 3998 1085 4063 liceat
1118 4002 1274 4062 statuere.

146 4082 259 4167 Neque
281 4092 394 4150 tamen
415 4092 544 4167 praeter
564 4084 734 4150 Faernum
757 4095 790 4150 et
812 4084 980 4163 Wolfium,
1011 4083 1201 4167 prudentior
1223 4082 1276 4147 iu-

147 4166 219 4248 dex,
243 4171 412 4255 siquidem,
437 4171 543 4254 qualis
564 4172 607 4235 sit
625 4171 791 4238 Oioeronis
809 4193 888 4237 usus
906 4170 1034 4237 dioendi
1057 4171 1214 4254 cognorit,
1238 4170 1276 4233 in

146 4253 202 4320 illo
225 4257 381 4323 voeabulo
404 4257 602 4339 ,oautionis“
627 4258 824 4340 inhaerebit,
854 4267 892 4322 ut
919 4259 954 4322 in
984 4258 1091 4336 forma
1116 4256 1156 4321 ab
1183 4254 1276 4321 iliius

146 4341 381 4409 consuetudine
402 4342 518 4413 aliena.
