2820 4822
572 304 796 409 -53-k

89 474 260 539 materiam
295 474 548 560 suppeditabant
588 476 657 544 viro
697 475 791 543 doeto
824 476 959 557 menda,
999 498 1081 561 quae
1113 476 1215 543 multa

44 594 49 602 ·
90 559 300 626 librariorum
336 561 463 627 ineuria
502 564 714 645 irrepserunt.
771 562 838 629 Sed
873 563 1002 647 singula
1035 563 1214 629 videamus.

89 647 139 711 Ae
157 647 300 728 primum
323 647 454 729 quidem
476 648 617 714 Wolfius
639 655 759 729 eenset,
780 648 970 716 (lieeronem
992 649 1109 714 melius
1131 648 1217 714 bane

90 731 241 796 ultimam
263 740 391 815 partem
414 735 663 801 oeniuneturum
681 735 782 800 fuisse
806 734 916 799 addita
938 733 979 798 ad
1000 734 1090 799 illam
1109 743 1217 800 trans-

91 816 191 881 eundi
209 819 381 883 formulam
405 820 565 906 particula
590 827 676 898 ‚,ut“.
708 819 802 901 Quae
825 821 961 885 offensio
979 819 1074 886 faeile
1092 819 1219 885 tollitur

90 909 221 987 reoepta
255 924 292 968 ea
326 905 505 988 seriptura,
540 924 638 989 quam
671 906 798 972 eodiees
831 907 870 970 E.
905 912 938 970 et
970 907 1016 970 M.
1050 906 1218 988 praebent.

94 986 178 1068 „Sed
202 995 240 1053 ut
258 990 346 1054 unde
369 997 419 1055 est
440 997 544 1056 ersa“.
596 991 689 1057 Haeo
711 993 798 1057 enim
822 990 990 1058 Oieeronis
1018 991 1120 1056 verba
1147 1013 1217 1056 esse

91 1076 161 1140 sine
184 1074 251 1140 ulla
274 1075 474 1141 dubitatione
497 1078 739 1144 affirmaverim.
764 1115 804 1124 -

176 1159 306 1226 Deinde
330 1163 429 1227 verba
453 1169 505 1239 „et
534 1163 617 1245 quod
647 1162 794 1244 volunt“,
812 1169 947 1247 propter
969 1184 1052 1247 quae
1076 1161 1219 1228 Wolfius

92 1244 176 1309 dixit
207 1247 334 1313 elucere
367 1247 424 1311 illo
456 1247 525 1314 loeo
559 1247 768 1331 cupiditatem
801 1249 978 1316 verborum
1008 1248 1050 1315 ad
1080 1249 1218 1313 formam

91 1331 255 1414 quandam
284 1332 452 1399 Oieeronis
480 1333 738 1417 eopulandornm
768 1335 838 1399 sine
863 1334 931 1401 ulla
960 1335 1134 1419 perspicua
1163 1340 1219 1398 aut

91 1419 362 1502 aptajsententia,
385 1418 443 1483 illa
464 1421 574 1498 verba,
597 1420 741 1502 inquam,
765 1420 945 1486 omittenda
976 1430 1064 1499 sunt,
1088 1441 1162 1486 eum
1185 1419 1219 1484 in

90 1503 220 1585 optimis
243 1503 407 1569 eodieibus
430 1526 495 1569 nen
518 1511 649 1570 exstent
670 1513 703 1570 et
715 1511 827 1590 aperte
846 1527 925 1588 prae
941 1527 979 1570 ae
1001 1506 1110 1570 ferant
1131 1505 1220 1569 inter

90 1589 265 1670 polatienis
280 1589 430 1672 speeiem.
483 1589 576 1671 Quae
598 1591 701 1656 verba
728 1591 755 1655 si
773 1592 915 1670 eieeeris,
939 1591 1020 1657 satis
1042 1589 1219 1674 probabilis

92 1676 211 1739 existet
232 1675 404 1755 sententia,
426 1696 488 1742 nee
510 1676 686 1760 quidquam
710 1678 781 1756 erit,
805 1698 869 1760 quo
891 1676 949 1741 illa
972 1677 1035 1742 viri
1058 1676 1144 1741 doeti
1167 1696 1219 1740 re-

90 1759 420 1847 prehensiossnitatur.

176 1845 246 1912 Nee
257 1847 360 1930 magis
372 1846 537 1912 (lieeronis
544 1868 614 1913 esse
625 1846 757 1913 videtur
764 1848 956 1914 voeabnlum
968 1847 1123 1927 „solum“,
1136 1845 1221 1930 quod

90 1934 125 1998 in
153 1931 318 1997 nonnullis
341 1931 433 2012 eodd.
456 1939 530 2015 post
558 1954 670 2000 1666111
699 1933 827 2012 „euius“
859 1934 987 2018 legitur,
1011 1941 1045 1998 et
1066 1933 1221 1998 lubenter

92 2018 139 2085 eis
169 2019 337 2096 assentior,
366 2018 422 2101 qui
449 2018 532 2083 illud
564 2019 719 2098 ‚,solum“,
748 2019 952 2102 quodetiam
976 2019 1097 2085 Wolfio
1120 2019 1221 2084 offen·

93 2105 178 2170 sioni
200 2109 280 2182 erat,
305 2102 480 2168 delendum
503 2125 573 2169 esse
596 2111 803 2170 eensuernnt.

178 2189 250 2254 Iam
274 2210 352 2254 vero
379 2195 491 2269 restat,
520 2196 558 2254 ut
588 2189 628 2254 de
656 2192 679 2274 §.
711 2193 749 2253 34
779 2210 883 2273 panea
907 2188 1034 2255 addam.
1088 2188 1129 2252 In
1159 2209 1223 2272 qua

93 2276 245 2342 vitiosam
268 2273 389 2341 iudieat
410 2274 460 2341 vir
483 2275 597 2340 doetus
619 2295 690 2341 esse
708 2276 999 2342 eonstruetienem:
1025 2295 1126 2358 „quae
1149 2295 1222 2339 mea

93 2382 170 2444 erga
191 2360 285 2425 illum
308 2359 458 2426 omnibns
477 2381 605 2443 semper
623 2369 698 2426 nota
720 2362 791 2441 fuit,
810 2368 847 2425 ut
868 2361 926 2427 vix
945 2360 982 2426 O.
1002 2359 1160 2426 Mareello
1180 2397 1217 2408 -

94 2447 274 2514 eederem“.
323 2446 394 2511 Iam
425 2454 501 2511 ante
523 2467 598 2512 eum
621 2448 797 2512 Ernestius
819 2447 855 2511 in
883 2447 945 2512 hae
974 2448 1142 2513 structura
1171 2446 1223 2510 in·

94 2534 202 2598 haesit
224 2539 257 2596 et
278 2532 347 2597 loeo
369 2531 568 2600 eoniieiendo
593 2531 853 2600 subveniendum
877 2554 947 2598 esse
970 2539 1118 2596 statuens
1146 2553 1223 2614 par-

96 2619 229 2684 tieulam
252 2619 336 2695 ,,116“
360 2625 436 2702 post
458 2617 594 2684 verbum
623 2619 686 2683 fuit
712 2617 921 2684 inserendam
952 2638 1023 2682 esse
1046 2618 1222 2701 proposuit.

96 2703 162 2770 Sed
186 2704 297 2769 nesio
320 2702 583 2786 quidememnia
612 2711 688 2788 apte
715 2704 889 2769 cohaerere
910 2703 1035 2768 Wolfio
1059 2703 1222 2769 videntur.

183 2789 251 2854 Nee
272 2811 331 2873 ego
353 2788 415 2854 hae
438 2789 623 2854 eonieetura
648 2789 718 2855 loeo
741 2790 887 2855 sueeurri
911 2810 1005 2873 posse
1033 2796 1122 2871 puto,
1146 2809 1223 2852 nam

97 2875 204 2958 posito
232 2874 288 2939 illo
319 2875 401 2952 „ita“
437 2896 501 2940 non
532 2874 721 2941 eoneinnior
754 2875 894 2941 olfieitur
927 2874 1133 2953 eonstmetio,
1168 2880 1224 2938 aut

99 2961 172 3024 talis
194 2960 350 3038 redditur,
373 2959 478 3043 qualis
506 2959 568 3025 hoe
598 2967 664 3024 tam
695 2959 835 3042 eleganti
864 2960 1020 3043 seriptore
1050 2959 1149 3044 digna
1175 2958 1223 3023 di·

98 3046 201 3113 eenda
224 3047 274 3111 sit.
309 3044 362 3110 De
384 3066 421 3111 eo
439 3051 546 3111 autem
570 3046 599 3110 61
623 3046 794 3126 assentior,
817 3045 902 3128 quod
926 3045 1018 3124 dixit,
1042 3044 1223 3111 elaudieare

98 3133 292 3198 sententiam
316 3137 348 3195 61
359 3137 557 3197 struaturam
580 3137 614 3196 et
625 3132 831 3196 enuntiatum
858 3137 915 3210 „ut
932 3130 1221 3198 vix—eederem“

98 3240 164 3282 non
187 3240 224 3282 ea
248 3223 316 3281 arte
339 3217 482 3300 adiungi,
511 3237 574 3299 qua
604 3216 719 3284 (tieero
752 3218 869 3282 llorere
902 3216 1028 3282 soleret.
1084 3217 1127 3281 Et
1154 3217 1223 3300 ipse

98 3303 385 3389 persuasissimum
409 3302 652 3380 babeo,·loeum
676 3301 794 3367 mendo
824 3302 972 3367 laborare
1000 3302 1115 3385 aliquo,
1147 3322 1223 3365 nam
1263 3346 1270 3353 ·

99 3389 275 3472 requiritur
297 3387 430 3470 aliquid,
454 3407 517 3470 quo
539 3386 619 3452 illud
645 3394 720 3466 ‚‚ut“
745 3388 916 3467 referatur,
941 3407 1000 3453 nee
1018 3387 1122 3467 video,
1147 3384 1225 3469 quid

99 3475 159 3540 sibi
178 3472 259 3540 velit
277 3473 467 3540 voeabulum
490 3480 655 3556 „semper“
678 3493 751 3538 eum
770 3494 847 3539 voee
868 3481 982 3551 „nota“
1003 3473 1223 3552 eoniunetum,

97 3558 132 3625 id
165 3558 250 3642 qued
283 3559 404 3623 nemini
439 3558 612 3624 offendisse
646 3567 722 3624 ante
755 3580 816 3638 me,
850 3560 960 3625 miror.
1015 3557 1225 3624 Intereidisse

98 3647 202 3730 igitur
223 3652 300 3729 pute
323 3651 398 3708 ante
421 3645 558 3709 verbum
584 3645 684 3722 „futu
708 3644 902 3709 voeabulum
928 3649 1083 3722 „tanta“
1114 3650 1147 3710 et
1176 3665 1223 3723 66,

98 3752 181 3814 quae
213 3729 410 3794 antecedunt
443 3729 542 3794 verba
574 3730 637 3796 boe
675 3730 790 3794 ordine
821 3730 855 3794 in
896 3731 1072 3814 archetypo
1105 3731 1225 3813 seripta

98 3817 199 3880 fnisse
224 3821 320 3892 „neta
347 3820 506 3897 semper“,
537 3834 632 3897 quam
661 3814 834 3881 leetionem
857 3814 947 3881 eodd.
974 3816 1013 3880 F.
1038 3822 1071 3880 61
1092 3815 1137 3879 Μ.
1167 3835 1224 3878 ex·

100 3901 223 3966 bibent.
273 3900 346 3964 Hae
376 3900 542 3966 levissima
570 3903 749 3966 mutatione
779 3901 921 3967 effieitur
943 3910 976 3965 et
999 3900 1164 3966 sententia
1193 3905 1225 3963 61

100 3985 309 4064 66661166116,
340 4005 436 4067 quam
465 4006 561 4049 nemo
589 3984 738 4051 dubitare
766 3986 869 4068 pessit
895 3985 1045 4051 Oieeroni
1072 3986 1222 4050 tribuere.

101 4072 280 4155 Aptissima
303 4069 392 4134 enim
410 4068 451 4134 ad
481 4070 562 4135 illud
592 4079 722 4146 „tanta“
751 4071 943 4137 adverbium
975 4077 1140 4153 ‚.semper“
1168 4069 1224 4133 ad·

100 4158 249 4241 iungitur
272 4163 305 4220 ot
327 4153 408 4220 illud
434 4161 519 4233 „ut“,
543 4154 652 4236 babet,
674 4157 760 4221 unde
782 4158 931 4239 pendeat.
985 4156 1050 4222 Sed
1080 4155 1224 4237 aequies-

101 4251 177 4310 eant
199 4242 233 4306 in
256 4241 384 4326 vulgari
408 4240 580 4324 scriptura,
601 4240 717 4325 quibus
739 4263 785 4322 ea,
808 4263 891 4326 quae
913 4243 989 4307 libri
1011 4240 1225 4324 manuscripti
